2506 4492
164 178 217 244 ltu
240 174 448 244 SUBSTANl'.
471 179 497 242 l.
520 176 677 244 uucmN.
701 177 841 248 PARAG.
865 177 943 248 lON.
973 182 1003 267 ς.
1024 181 1058 248 7.
1108 182 1177 251 tlt

71 367 171 426 ναῖοι
195 357 330 442 stragula
350 357 550 437 cuhicularia3
573 379 643 423 uam
664 368 699 424 ut
724 360 761 424 ah
783 354 887 448 ἅγιος
908 355 1059 450 ἄγκυρα,
1087 386 1105 429 a
1125 364 1179 433 u.

71 484 139 535 raor
163 458 329 544 la'rropor,
359 461 432 524 item
453 480 472 524 a
495 452 624 547 ιιιῖρφος
650 456 805 548 ιιοῖρφιιροι
835 464 901 527 duci
923 475 1031 549 potest.
1075 466 1116 532 Et
1136 489 1179 533 ex

72 563 126 628 illo
156 565 221 648 ipso
246 560 397 647 Euripidis
428 562 493 627 loco
515 563 682 648 Hesychius
711 556 884 651 καρφολοῖς
912 567 978 632 sive
1006 561 1180 656 ιιαρφιιροίς

73 666 132 743 (sic
154 665 235 729 enim
255 665 413 748 scribitur)
432 666 649 748 iuterpretatur
669 664 804 744 κοίτας,
829 670 965 753 idemque
987 670 1085 754 paullo
1106 683 1178 738 anto

71 763 261 853 Καρφύροιι
281 765 434 845 scenici,
467 762 615 851 θάμνοι.
675 769 865 856 Kodapeis
895 771 941 856 (ot
970 774 1178 860 ιιαλαμαῑον)
1211 809 1214 813 v

71 871 165 954 vulgo
190 869 325 933 locustae
355 878 403 933 est
423 890 534 944 nomeu
562 892 581 933 a
610 871 803 938 similitudine
826 873 930 937 calami
953 875 1096 953 ductum
1124 899 1179 962 pro

70 967 210 1056 καλάμιρ
232 970 297 1054 quis
320 969 432 1035 dixerit
453 970 668 1055 inoompertum
700 974 859 1056 hahemus,
890 997 986 1059 neque
1016 977 1179 1062 locupletes

71 1085 213 1139 auctores
241 1072 369 1157 appellat
397 1071 570 1137 Eustathius
600 1095 630 1157 p.
662 1073 763 1152 1181,
785 1077 838 1143 47.
862 1080 957 1146 natae
988 1077 1053 1163 τήν
1078 1077 1179 1148 uold-

71 1197 146 1262 μιηι
171 1170 190 1240 ὅ
216 1173 324 1249 πολύς
357 1168 545 1258 ἅνθρωπος
562 1176 792 1261 calcuulus,
822 1181 870 1244 cui
903 1181 1057 1246 consentit
1078 1183 1178 1249 Schol.

71 1279 202 1343 Theocr.
226 1277 251 1345 l.
276 1276 329 1345 52.
362 1298 394 1343 v.
418 1277 521 1341 scurz.
546 1276 625 1341 llial.
651 1279 728 1345 Mac.
764 1302 794 1364 p.
820 1281 893 1347 173.
939 1282 1013 1349 Item
1034 1283 1177 1370 λιιιιιιιίιι

71 1392 105 1445 et
124 1381 325 1468 petroccio,
347 1379 374 1444 ai
396 1379 483 1444 nohis
515 1380 598 1463 copia
627 1381 749 1445 daretur
776 1382 941 1459 lihrorum,
972 1387 1050 1450 unde
1082 1399 1180 1453 sumta

72 1496 161 1564 snut,
185 1482 424 1566 intelligeremus
445 1482 575 1547 fortasse
604 1482 754 1551 incassum
776 1485 898 1564 afferri3
928 1487 1015 1551 sedes
1037 1488 1179 1573 palustris

72 1586 191 1670 quidem
209 1585 330 1671 Λίμνη
348 1583 458 1648 dicitur
479 1595 511 1650 et
523 1583 681 1669 Λιριιοιίο
700 1584 786 1651 nullo
807 1585 978 1665 intellectus
994 1588 1177 1671 discrimine,

72 1689 124 1752 sed
145 1709 255 1775 magno
276 1685 496 1769 eloquutioois,
526 1689 600 1771 quod
624 1689 712 1771 quale
738 1688 781 1751 ait
802 1709 843 1753 ex
864 1689 1032 1755 rromiuihus
1061 1692 1179 1759 urbium

65 1785 169 1865 Ἕλος
195 1789 384 1872 (Velabrum)
414 1798 447 1853 et
465 1783 562 1856 'ldie'o
581 1791 648 1855 sive
676 1790 785 1860 Baldo
815 1789 944 1875 intelligi
976 1804 1087 1877 potest.
1132 1795 1178 1860 lle

73 1889 198 1979 οόραέοι
222 1904 257 1957 et
276 1887 402 1978 περοιίι
431 1891 544 1955 dietum
577 1894 712 1968 est3'de
741 1891 1005 1978 areunculam,
1032 1896 1110 1980 quud
1131 1907 1179 1961 est

72 1995 163 2058 unius
184 1994 305 2080 generis
327 2004 360 2058 et
378 2014 441 2059 uon
461 1995 609 2078 plurium,
632 1995 731 2059 dicere
764 2016 1043 2079 ¹supervacaneum„
1078 1998 1180 2085 Προ·

69 2088 165 2182 νομική
187 2117 248 2162 nou
268 2095 366 2159 solun
387 2096 616 2181 actionemlaooi
631 2091 859 2184 προνομεύειν
874 2099 1006 2180 denotat,
1021 2099 1074 2163 sed
1089 2100 1179 2165 etiam

71 2199 304 2262 instrumentum
332 2207 367 2261 ut
386 2194 516 2286 προχοή
539 2210 570 2261 et
590 2193 764 2285 προβολή,
788 2200 867 2284 quod
887 2201 986 2286 ipsum
1005 2211 1053 2266 est
1073 2204 1179 2286 proho-

72 2298 164 2363 soidis
185 2319 307 2375 nomeu,
329 2321 387 2364 uec
409 2299 504 2388 sulum
527 2300 740 2384 projectionem
763 2305 815 2367 sed
834 2305 923 2367 etiam
938 2326 1003 2368 rem
1018 2302 1180 2389 projectam

70 2412 104 2465 et
126 2410 309 2484 praetentam
331 2402 463 2466 ostendit
490 2411 521 2494 ep
547 2401 741 2469 haereticae
770 2394 910 2486 congruit
935 2426 1003 2467 cum
1033 2406 1179 2471 feminino

70 2503 212 2589 adjectivi
232 2495 456 2589 προνόμοιος,
479 2506 555 2588 quod
576 2506 671 2588 ipsum
693 2507 728 2569 ah
751 2515 990 2580 maminotum,
1013 2507 1067 2569 sed
1088 2507 1188 2571 femi-⁴

72 2606 145 2671 uina
170 2605 279 2689 positio
306 2616 425 2670 retenta
453 2617 498 2671 est
526 2607 563 2671 ad
590 2606 813 2690 significandam
841 2607 1064 2690 proboscidem,
1096 2609 1177 2677 sicut

70 2703 291 2796 περιβόλαιον
313 2709 423 2772 dicitur
443 2705 694 2796 ριόπεριβολή,
717 2725 748 2775 et
769 2703 974 2808 mpopldlopoc
993 2710 1069 2792 apud
1084 2709 1179 2775 llere·

70 2812 171 2874 domu
200 2831 256 2894 pro
284 2807 453 2898 πρόβολος
474 2811 539 2876 sive
560 2804 746 2899 προβόλιοι
778 2813 835 2877 1ἰοί
857 2813 990 2890 videtur,
1016 2822 1178 2897 contraque

70 2907 155 3000 εὐνή
178 2935 232 2998 pro
260 2904 448 2980 ermanno.
492 2913 607 2978 Dehinc
628 2909 788 3001 rcpouopafp'
812 2926 845 2978 et
864 2910 1063 3000 προνομαίοι
1089 2913 1121 2977 iu
1136 2913 1179 3002 li-

70 3016 135 3080 hris
155 3015 319 3100 permutari
345 3016 445 3080 solent
476 3038 507 3081 v.
540 3016 663 3080 Diodor.
687 3016 785 3080 XVll.
809 3014 862 3081 88.
888 3017 1031 3085 Hariolo
1059 3016 1176 3101 quoties

70 3117 202 3202 legitur,
233 3119 322 3183 toties
343 3118 517 3182 concionem
540 3128 571 3182 et
592 3119 880 3195 confabulationem,
912 3119 1038 3202 denique
1061 3119 1191 3198 locum,

70 3220 123 3285 uhi
145 3220 373 3296 concionantur,
397 3221 546 3305 significat
566 3242 598 3287 v.
624 3220 798 3286 Schneider.
822 3221 859 3284 ad
881 3220 1030 3305 Theophr.
1057 3244 1085 3307 p.
1100 3219 1174 3287 761.

70 3333 188 3408 portam
209 3344 284 3388 vero
306 3343 470 3406 uunquam.
514 3324 559 3388 Ac
586 3325 613 3388 si
635 3322 752 3407 quarmo
778 3323 816 3387 ad
831 3322 922 3405 hujus
944 3324 1073 3389 nominis
1095 3322 1178 3389 simi·

68 3425 227 3491 litudinern
250 3426 389 3500 accessit,
414 3425 445 3502 id
467 3427 569 3490 cadem
590 3428 707 3491 ratione
727 3424 841 3500 evenit,
864 3445 922 3508 qua
943 3417 1037 3511 adpo
1058 3431 1178 3493 etde-

69 3526 166 3613 ραίοι,
189 3536 259 3591 utut
278 3527 417 3605 divorsa,
448 3527 531 3593 vices
561 3549 630 3593 suas
656 3537 825 3611 permutare
854 3539 988 3610 possunt
1032 3520 1188 3611 Majorem'

70 3628 110 3691 ad
129 3629 364 3711 persmueudnm
392 3631 454 3695 vim
483 3631 572 3697 hahet
593 3628 772 3714 celocula,
796 3649 854 3711 quo
875 3630 1000 3713 primum
1030 3648 1102 3691 usus
1130 3640 1177 3693 est

70 3729 267 3814 Eutpedocles
288 3753 321 3796 v.
346 3731 421 3797 177.
454 3743 517 3799 tum
538 3731 752 3815 Aristophanes
783 3732 927 3796 rusticum
951 3730 1097 3814 quendam
1120 3730 1177 3796 hoc

70 3842 209 3899 utentem
230 3834 355 3908 inducit,
378 3835 484 3899 deiude
504 3836 662 3919 Euripides
682 3844 772 3916 atque
794 3833 982 3908 Theocritus,
1012 3832 1061 3915 qui
1082 3832 1177 3897 multa

71 3935 228 4021 eplehejo
248 3958 389 4002 sermone
410 3935 502 4001 libata
523 3936 644 4014 hahent,
668 3937 715 4001 hio
737 3936 836 4020 operis
852 3935 998 3999 rationem
1018 3944 1173 4016 sequutus,

71 4034 126 4105 ille
146 4037 283 4125 plausum
304 4038 474 4126 popularem
495 4060 663 4125 quaerens3
686 4038 755 4104 hino
773 4039 811 4103 ad
823 4036 976 4121 sophistas
990 4035 1175 4117 transduxit,
