2506 4492
89 188 161 257 utu
432 127 842 255 ulssuul'uutollt.

94 367 233 434 neutrius
253 365 376 451 panaris
396 364 592 450 compositum
615 366 840 431 subsuntivnm
867 362 991 429 nnioum
1011 370 1064 427 ast
1083 361 1193 447 pluralo
1243 385 1247 425 t

93 471 137 540 τά
151 462 368 555 ψιαδόπορα,
399 469 658 559 adjectivaplura
684 463 839 554 άποροα,
866 463 1037 550 ἐπίπαροα
1059 477 1122 529 ato.
1163 464 1193 529 ln
1245 488 1247 520 ι

96 561 142 660 op
164 583 279 639 exeunt
299 570 426 656 plurima
446 591 465 634 a
486 571 587 635 vorbis
609 582 687 646 orta,
709 571 854 656 sinplioia
875 565 1005 655 ῥητωρ,
1031 575 1147 654 ἴστωρ,
1166 577 1194 631 at

95 674 316 758 aainplioibos
339 672 501 758 oomposita
521 670 743 760 ἐθιλορήτωρ,
768 667 1032 757 πολοπρὴιιτωρ,
1054 668 1197 757 διογενέ-

95 803 163 866 τωρ
184 788 244 842 eto.
267 796 356 861 quaa,
378 785 413 839 ut
433 777 577 861 simplicia
598 777 675 861 ipsa,
700 788 857 860 utrumque
879 795 976 860 genus
998 773 1197 858 oompleoton·

97 893 160 959 tur,
181 876 205 967 ἦ
226 873 435 966 παμβοίτωρ,
456 875 479 965 η’
497 875 706 965 παμμήτωρ,
728 875 752 965 ἠ
772 873 932 962 άπάτωρ,
954 872 978 961 ηι
1002 869 1197 972 nolas-drop,

97 984 184 1047 modo
211 982 383 1046 femininam
413 981 538 1044 sormam
564 992 741 1046 mutuantur
767 1002 786 1047 a
813 979 982 1045 nominibus
1010 978 1046 1042 in
1072 1000 1112 1064 ης
1134 976 1198 1041 sire

96 1072 152 1174 ηρ,
175 1080 422 1171 ποολαβίτειρα
445 1094 504 1147 eto.
547 1082 592 1149 Ao
614 1085 784 1149 verbalibus
804 1084 902 1146 aditus
924 1080 1015 1144 otiam
1038 1082 1076 1145 ad
1096 1100 1200 1144 sanun·

97 1190 165 1253 (lam
186 1185 413 1251 declinationem
435 1197 537 1270 patet,
560 1193 619 1254 ἵνα
640 1184 691 1272 μή
713 1183 891 1268 άνίστορος
911 1177 952 1267 ἧς
971 1183 1049 1268 (nisi
1070 1177 1199 1251 άνιαῑδ-

98 1313 198 1377 ρητος
213 1287 346 1373 soripsit)
358 1285 464 1352 Galen.
481 1289 572 1353 Ther.
589 1291 626 1352 ad
643 1290 702 1353 Pis.
712 1288 749 1351 V.
765 1286 840 1353 232.
852 1288 888 1350 T.
904 1285 990 1351 XlV.
1005 1288 1107 1369 quoni
1121 1302 1199 1370 paro·

99 1413 189 1478 nyma
205 1391 412 1467 traducuntur,
424 1390 485 1454 iota
492 1392 652 1476 recipiunt,
660 1387 862 1476 Εὐπατορία
870 1380 1067 1472 abEupatore
1074 1389 1198 1463 nonulla,

99 1488 298 1577 ιάπατόριος
313 1491 336 1578 η“
349 1489 482 1580 βοτάνη
500 1493 606 1558 Galen.
616 1494 675 1558 l.o.
687 1494 738 1557 lV.
749 1491 822 1558 288.
839 1492 929 1576 vulgo
942 1486 1150 1577 οὐπατόριον
1162 1491 1200 1554 δί-

100 1608 161 1675 ota,
183 1596 589 1680 sioutillpaturianominata
604 1597 743 1660 dicuntur
759 1594 985 1660 solemniaooiu
1005 1586 1197 1679 άπατάρων.
1245 1656 1247 1663 .

101 1700 159 1764 δαί
182 1698 353 1783 quaeritur,
382 1721 450 1763 num
474 1701 546 1764 hooo
575 1699 746 1763 terminatio
767 1698 856 1762 otiam
879 1697 1085 1761 commonibus
1114 1696 1201 1780 possit

101 1801 237 1867 oonoadi.
283 1802 474 1866 substantiva
488 1802 604 1886 quidem
615 1800 751 1866 feminini
765 1800 918 1884 gonarisa
935 1790 1065 1885 πατήρ,
1079 1795 1201 1885 μήτηρ,

99 1900 278 1993 θυγάτηρ,
301 1905 384 1967 nulla
405 1915 618 1988 propagantur,
642 1905 694 1968 sod
712 1903 786 1968 satis
807 1902 900 1967 multa
921 1903 957 1966 ab
980 1894 1083 1987 οἷνήρ,
1104 1902 1205 1986 partin

101 2007 247 2090 simplicia
260 2002 395 2091 ἠνορέη,
409 2001 543 2090 άνδρία,
559 2027 627 2089 pars
641 2006 814 2088 composita,
829 2000 1001 2089 εὐανδρία,
1015 2001 1205 2092 φιλανδρία,

102 2102 275 2193 οάηνορία,
296 2105 537 2195 μεγαληνορία,
564 2104 791 2193 δπερηνορίη,
814 2129 849 2171 ao
872 2118 979 2172 neutra
1000 2108 1061 2171 ‹luo
1083 2107 1205 2171 diuersis

102 2207 230 2292 genitivi
244 2207 348 2272 formis
364 2211 559 2293 congruentia
574 2205 803 2295 πολυάνδριον
820 2223 851 2275 et
866 2201 1109 2296 ποιμανόριον.
1155 2209 1206 2273 Sol

103 2309 160 2374 hoo
188 2320 220 2373 et
247 2310 428 2394 primitivum
457 2307 640 2401 ποιμάνωρ
667 2335 686 2378 a
713 2309 897 2377 Blomfioldio
925 2313 963 2376 all
992 2313 1080 2376 Pers.
1105 2309 1206 2376 utin

103 2414 222 2477 (lobium
245 2416 419 2492 devoratur,
443 2417 492 2500 qui
513 2429 605 2503 negat
626 2439 659 2481 se
680 2417 784 2480 vidoro
806 2414 950 2498 quomodo
974 2435 1015 2479 ax
1032 2411 1168 2500 ποιμήν
1179 2423 1206 2478 al

103 2508 191 2605 α’νηίρ
213 2517 301 2603 hujus
322 2519 433 2582 moduli
456 2522 599 2584 vocabula
621 2519 793 2585 concinnari
811 2518 945 2603 possint3
969 2538 1064 2601 quara
1078 2520 1207 2582 scribon·

104 2623 172 2686 dum
195 2642 262 2685 essa
285 2613 486 2711 ποιμάντωρ
502 2635 532 2687 et
547 2619 807 2709 ποιμαντὸριον,
831 2622 861 2685 id
884 2621 960 2705 quod
975 2619 1106 2685 Guiotus
1128 2641 1207 2706 prar-

105 2724 184 2809 oopit
207 2724 243 2785 ad
257 2723 387 2810 Hesych.
405 2745 432 2787 s.
448 2725 478 2788 h.
493 2747 524 2788 v.
538 2731 583 2809 ¹⁵)
603 2725 763 2789 Passovins
784 2735 891 2788 autem·
907 2743 968 2786 non
989 2724 1131 2808 repudiat
1150 2723 1208 2807 qui·

105 2827 172 2890 (lom
185 2824 258 2888 illul
279 2821 460 2910 ποιμάνωρ
480 2827 681 2911 εοδιοίωρίοκ
696 2849 763 2891 asso
785 2827 899 2902 statuit,
924 2847 993 2889 nam
1017 2827 1209 2910 compositum

104 2921 333 3015 ποιμανάνωρ
349 2927 503 2992 dicendum
519 2930 623 2994 fuisso.
661 2930 791 3010 Quorum
805 2931 888 3014 prius
903 2949 964 2991 non
979 2928 1103 2993 aberrat
1114 2949 1133 2993 o
1143 2949 1209 2992 sen·

107 3021 341 3107 tertianorum,
371 3031 422 3114 qni
442 3031 622 3118 adjectivum
653 3027 1097 3129 laoppvoptorj-ljopuluu
1126 3050 1209 3114 repo·

106 3143 188 3208 tunt,
211 3135 263 3199 sed
284 3135 452 3199 infirmatur
479 3156 531 3214 ao,
558 3136 635 3220 qnod
655 3157 674 3200 a
695 3136 796 3200 verbis
818 3134 849 3198 in
872 3158 977 3210 αινω,
1007 3120 1106 3215 otuu,
1129 3117 1209 3210 οἶοί,

107 3256 184 3320 quaa
204 3238 353 3320 permulta
368 3248 451 3315 sunt,
475 3238 589 3302 nullum
605 3239 777 3323 producitur
798 3258 906 3302 nomen
925 3237 957 3300 in
976 3223 1061 3325 ιῙω-ρ.
1108 3237 1211 3318 Quam·

108 3340 212 3403 obrem
233 3339 391 3404 Eustatlrio
412 3342 562 3405 assentior
582 3337 763 3429 ποιμάνωρ
786 3341 980 3426 compositum
1003 3362 1085 3419 essa
1113 3338 1211 3423 utiquo

109 3463 172 3506 non
196 3444 232 3505 ab
253 3443 372 3526 integro
391 3437 524 3529 ποιμήν
546 3444 596 3508 val
617 3443 803 3531 ποιμαίνω,
826 3445 878 3508 sed
900 3464 918 3507 a
940 3443 1035 3527 stirpa
1058 3453 1093 3506 ut
1113 3441 1213 3526 λιμη·

108 3539 178 3633 po'r,
200 3546 236 3610 do
258 3565 315 3630 quo
337 3566 426 3631 supra
447 3547 588 3631 loquutus
610 3568 688 3625 sum,
711 3544 948 3633 Ποίμανδρος,
974 3542 1211 3608 Pimandrrhon·

109 3648 249 3724 motinus,
262 3647 496 3736 Ποιμανδρία,
515 3649 709 3733 omniumque
723 3650 904 3715 simillimum
912 3642 1125 3734 Εὐφράνωρ,
1139 3643 1212 3729 quod

111 3774 200 3840 quom
214 3749 407 3836 Appollonius
420 3753 456 3815 do
469 3752 547 3818 Adv.
560 3776 590 3840 p.
601 3751 676 3830 546,
686 3752 737 3818 15.
755 3756 821 3817 oum
833 3747 1013 3837 Νικάνωρ,
1024 3744 1210 3835 Ἀντήνωρ,

182 3992 226 4058 ¹5)
243 3955 420 4055 Th⁰⁰8l¹⁰⁸t¹1⁸
438 3957 523 4041 (irum.
542 3988 574 4041 ll.
589 3990 632 4052 23,
653 3988 696 4044 lu.
713 3985 861 4064 ποιμάνωρ
871 3982 1005 4063 βασιλεία,
1017 3982 1137 4044 noviore
1148 3973 1212 4058 pals·

114 4096 172 4146 2³⁸2
189 4078 318 4147 mittit!
333 4077 453 4137 neuim
469 4091 517 4146 pro
535 4072 689 4134 ποτνιάδας.
746 4078 749 4083 ’
