2506 4492
69 185 140 256 171
428 177 744 246 ntssttururto
771 176 817 245 ll.

70 367 124 433 31.
147 364 208 434 odo
230 358 318 450 φλόα
340 359 408 425 Nic:
424 359 516 425 Alex.
537 359 612 425 302.
636 373 701 424 tum
723 361 813 425 etiam
835 359 1019 446 composita:
1044 356 1107 426 τὸν
1126 363 1172 448 ἔγ-

64 471 154 562 γλοα
182 467 280 530 Ther.
305 462 379 529 676.
420 461 481 530 τόν
509 454 717 552 δονακόχλοα
746 464 820 527 Eur.
845 463 908 548 lph.
932 464 970 526 T.
997 460 1075 527 400.
1110 465 1172 548 quud

69 569 308 655 antiquissimum
331 567 451 632 videtur
478 566 569 651 hujus
592 566 731 629 licentiae
755 567 924 651 exemplum
955 578 987 631 et
1011 568 1130 654 saepius
1148 571 1172 632 iu

69 675 179 762 plurali
200 679 234 740 61
266 665 389 744 εὔνους
411 669 536 733 Philem.
572 669 692 754 Fragm.
718 668 944 735 exturbato.
972 676 1008 737 οἱ
1029 665 1172 747 calmense,

72 779 156 844 codd.
181 776 265 841 Harl.
297 785 329 838 et
350 773 420 838 Vat.
445 771 568 836 Arctaei
601 773 674 835 Cur.
699 772 783 835 Diut.
817 772 842 835 1.
877 773 929 848 3,
949 772 1025 838 305.
1050 779 1088 841 αἱ
1108 771 1174 863 qipd

71 905 173 973 γροας
201 878 285 943 Paul.
309 875 464 961 Aegqlv,
489 875 521 951 5,
547 873 621 938 133.
651 871 732 948 code
754 869 881 964 οἴχνοας
902 877 1039 940 Maneth.
1063 877 1088 942 Ι.
1111 877 1173 943 127.

71 985 148 1070 quod
170 981 275 1066 nuperi
292 981 421 1044 editores
435 976 613 1041 Dorvillium
635 980 754 1062 sequuti
775 980 808 1043 in
830 973 956 1068 δχνονς
978 981 1173 1044 demutarunt.

71 1086 213 1172 Polybius
237 1085 272 1146 de
286 1083 374 1145 Barb.
398 1103 427 1164 p.
451 1079 527 1146 230.
551 1081 666 1144 Anecd.
690 1082 787 1146 Boiss.
812 1082 848 1144 Τ.
867 1081 919 1147 lll.
944 1082 1122 1146 barbarismi
1142 1104 1176 1146 ex
1215 1086 1217 1099 '

71 1190 246 1275 pleonasmo
275 1196 307 1248 et
329 1184 427 1268 ellipsi
459 1183 522 1247 nati
555 1183 694 1266 exemplo
723 1185 863 1269 proponit
890 1186 1044 1270 genitivos
1066 1185 1178 1276 Alapt-

71 1313 154 1363 νοας
177 1278 208 1352 61
228 1287 472 1374 Δημοσθένοο,
496 1306 570 1370 6666
592 1286 628 1347 ab
651 1285 799 1370 aliquibus
833 1299 994 1374 usurpatos
1028 1310 1096 1353 esse
1123 1311 1178 1352 ma·

71 1393 213 1458 bifestum
234 1401 281 1456 est
310 1411 352 1454 ex
374 1391 495 1467 ceteris,
520 1408 594 1472 quac
617 1388 725 1466 affert;
756 1402 917 1476 utrumque
947 1403 1051 1456 antem
1073 1393 1180 1478 peperit

71 1495 210 1591 ambigua
242 1488 355 1579 primae
383 1490 541 1575 positionis
569 1491 695 1574 species.
743 1492 839 1556 Simili
873 1516 977 1558 errore
1001 1495 1105 1559 Latini
1127 1516 1180 1559 non

71 1598 168 1664 solnm
190 1618 298 1682 666666
321 1607 429 1661 666166
456 1597 489 1660 16
505 1580 537 1661 α
555 1593 700 1657 exeuntia
729 1597 765 1658 ad
793 1596 919 1680 primam
949 1598 1178 1672 transtulerunt,

71 1700 165 1784 bajus
187 1721 304 1785 cymae,
327 1700 480 1775 schemae,
505 1699 676 1784 otcpgulac,
701 1701 844 1776 6616666,
868 1711 920 1763 661
938 1711 1058 1777 contra,
1082 1711 1187 1787 spato·-

71 1813 169 1880 mutn,
197 1805 383 1888 epitomata,
413 1802 578 1867 sedetiam
603 1800 768 1864 masculina
790 1802 1022 1879 effeminarunt,
1047 1816 1180 1880 metreta,

71 1907 227 1990 authepsa,
256 1906 389 1979 cochlea,
415 1915 446 1967 et
467 1925 485 1966 a
506 1903 670 1987 pluralibus
694 1904 811 1988 graecis
828 1906 985 1969 finxerunt
1002 1907 1178 1992 ortboptota‚

72 2009 147 2073 haec
169 2008 262 2086 atbla,
287 2007 375 2090 hujus
398 2006 516 2084 atblae,
540 2007 614 2070 haec
637 2027 775 2081 sesama,
807 2008 895 2092 hujus
921 2014 1115 2095 sesamae²⁴)
1136 2011 1181 2073 iis·

73 2112 199 2194 demque
222 2108 399 2192 complacuit
421 2129 439 2171 a
461 2130 548 2173 sacer
569 2130 685 2172 sacrem
709 2119 739 2172 et
760 2131 861 2175 sacres
880 2112 1025 2191 formare,
1049 2133 1182 2197 avesper

72 2233 200 2297 vespere
221 2211 286 2274 sive
308 2197 451 2294 vesperi,
478 2232 496 2274 6
518 2233 612 2296 gener
643 2213 815 2297 generibus.
861 2212 967 2297 Neque
988 2236 1061 2279 raro
1084 2215 1181 2279 termi-

72 2316 155 2379 natio
178 2313 355 2377 nominativi
377 2312 501 2397 pluralis
524 2315 637 2379 dnobus
660 2316 788 2379 flexibus
812 2317 977 2380 communis
1000 2340 1124 2382 oausam
1143 2329 1182 2381 at·

72 2418 142 2482 tulit
170 2418 382 2482 aberrationis.
442 2417 562 2481 Etenim
594 2438 650 2501 qua
683 2420 802 2482 ratione
831 2419 959 2501 genitivi
987 2423 1180 2495 anciliorum,

72 2524 246 2597 odoratam,
271 2522 415 2597 iliorum,
437 2523 645 2596 moeniorum,
678 2523 915 2607 uectigaliorum
937 2522 1001 2585 nati
1023 2533 1115 2597 sunt,
1145 2524 1182 2586 116

71 2625 315 2713 Lycophronem,
340 2634 374 2686 ut
395 2645 413 2684 a
433 2623 529 2708 ,αῆλα
542 2621 706 2710 ,coopitulante
728 2625 918 2709 produceret,
941 2623 1080 2687 illexisse
1104 2626 1182 2689 vide·

72 2739 123 2793 tur
144 2726 238 2790 fallax
260 2724 421 2788 similitudo
445 2727 599 2788 nominum
630 2725 754 2814 δοῦρα,
785 2720 951 2813 δοράτων,
985 2712 1099 2812 γοῦνα
1120 2726 1181 2791 sive

72 2813 452 2916 6661166γόνα1γόννα)
480 2821 649 2913 γονάτων.
695 2831 739 2891 Ac
769 2828 901 2893 vicissim
932 2828 984 2914 alii
1013 2841 1088 2904 τοῖς
1111 2822 1181 2896 δού-

70 2925 143 3022 ροὶς
170 2930 315 2994 dixerunt
346 2927 469 3012 Oppiau.
501 2930 568 2993 Hal.
594 2930 645 2993 lll.
681 2929 755 2995 573.
791 2944 823 2997 et
851 2943 923 3004 τοῖς
954 2923 1054 3006 οἴνοις
1084 2956 1116 2998 6.
1148 2932 1182 2995 ad

70 3036 185 3121 Phryn.
216 3056 246 3118 6.
271 3030 346 3095 att.
376 3029 567 3119 leuocq'paute
594 3034 723 3096 sortasse
757 3046 883 3098 accentu
914 3034 1030 3097 minus.
1048 3033 1181 3119 legitimo

70 3133 216 3222 γούνων,
240 3128 384 3225 δούρων,
407 3127 515 3199 ὤτων.
560 3135 643 3197 Haud
677 3157 718 3199 ex
747 3138 806 3200 alio
833 3140 916 3201 lente
946 3148 1110 3200 manarunt
1134 3137 1181 3198 da·

70 3239 127 3307 tivi
149 3230 386 3324 παδημοῖτοις,
409 3237 572 3321 poematis,
596 3237 850 3321 peripetasmatis,
871 3239 984 3315 oleris,
1007 3261 1134 3322 quorum
1156 3237 1181 3301 si

70 3340 266 3417 nominativi,
297 3362 369 3425 quos
394 3339 501 3404 Celsus
524 3341 776 3418 comminiscitur,
805 3352 1003 3427 6666161616,
1023 3352 1181 3426 6616666-

71 3453 148 3519 tum,
170 3441 203 3504 iu
217 3463 274 3506 usu
289 3444 429 3520 luissent,
453 3443 546 3509 dativi
567 3463 628 3506 non
650 3445 686 3507 ad
708 3445 884 3530 metaplasta
904 3446 1111 3535 referrentur,
1129 3443 1180 3507 sed

69 3545 105 3609 ad
128 3544 317 3622 heteroclita,
341 3547 419 3611 sicut
440 3547 558 3610 urbium
580 3547 795 3633 regionumque
817 3544 1132 3637 6661166ήἙμισα
1152 3559 1181 3611 61

69 3643 112 3715 vol
128 3641 269 3733 Ἕμισα,
282 3645 316 3734 ἦ
335 3641 469 3716 ‘Ymoluo
492 3660 522 3714 et
544 3648 586 3715 τοὶ
603 3645 752 3726 Ὗωατα,
778 3651 929 3736 Synnada,
955 3652 1089 3738 Stagira,
1112 3652 1180 3716 Ala-

69 3753 165 3817 banda
194 3764 226 3816 et
255 3751 383 3836 plurima
416 3753 488 3816 talia
516 3752 592 3836 apud
622 3753 777 3839 utriusque
806 3753 928 3840 liuguae
959 3756 1124 3841 scriptores
1144 3775 1176 3818 6.

70 3922 281 3936 w

134 4008 182 4076 21)
198 4007 331 4061 luvenalis
349 4007 505 4059 nominativo
523 4010 609 4074 graeci
627 4010 756 4076 participii
774 4005 942 4078 χειρονομῶν
961 4012 1123 4065 assimilavit
1139 4025 1176 4062 ac·

41 4166 48 4183 .
69 4096 216 4148 curativum
232 4097 444 4157 mironomonta,
466 4102 497 4147 ut
513 4095 664 4164 Xenophon,
683 4095 863 4162 Xenophonte.
