2506 4492
275 209 336 287 bn
362 206 523 289 NOMlN.
553 209 721 276 MONOS.
752 211 788 277 C.
810 211 875 277 111.
905 214 934 298 §.
953 156 1011 279 8..
1121 213 1190 281 185

77 385 179 475 στής,
202 384 221 454 ὁ
244 380 419 476 ἱππηλάτα
442 400 477 453 ut
495 381 711 476 ἒληλάμενος,
732 412 768 456 ac
791 392 818 455 si
838 414 943 457 verum
967 405 1014 457 est
1034 415 1121 458 casus
1134 394 1188 458 bo·

49 501 55 507 '
75 492 243 577 mophones
266 494 384 557 eosdem
399 492 575 557 homotonos
591 513 671 571 csse,
693 515 733 557 ex
750 496 890 559 vocativo
911 488 936 561 ὦ
955 493 1081 584 ἕρηάτα
1092 496 1185 561 Anth.

75 596 143 660 Pal.
169 594 235 659 Vll.
259 618 292 659 n.
316 593 392 660 209.
414 596 552 680 sequitur
572 596 787 660 nominativum
815 599 908 661 fnisse
931 595 1107 687 ὁέρηάτα,
1131 621 1188 663 nec

77 698 274 762 dubitandum
303 698 375 782 quin
404 689 546 784 άλεστής
578 710 610 762 et
646 693 796 785 άννστής
828 701 929 785 Etym.
959 702 1002 765 M.
1033 701 1108 779 781,
1132 701 1185 765 54.

74 801 218 886 Apollon.
244 802 280 864 de
300 801 379 865 Adv.
400 801 517 885 p..545
542 805 569 867 si
587 803 700 866 aeolice
721 813 793 867 sunt
811 803 968 886 appellata,
991 806 1107 867 extrito
1127 805 1189 889 sig·

75 925 126 968 ma
148 914 306 967 accentum
334 903 366 967 in
394 906 557 988 penultima
585 905 756 991 acceperint
776 917 811 970 ut
834 901 1056 993 άπρὸςληπτα
1075 908 1138 973 τοῦ
1159 931 1188 986 o,

74 1007 179 1071 Schol.
202 1006 237 1070 ll.
259 1006 305 1073 A.
331 1004 405 1070 508.
452 1007 483 1070 Si
499 1009 564 1094 quis
577 1030 651 1072 vero
672 1020 808 1092 quaerat,
832 1030 924 1093 quare
939 1004 1102 1096 vinclaque,
1128 1003 1187 1076 oal-

73 1105 202 1197 ράοπα,
225 1103 458 1194 ὀρσοτριαινα,
481 1112 630 1176 scribatur
651 1123 756 1176 contra
784 1111 938 1196 vulgarem
958 1113 994 1175 de
1017 1112 1187 1176 homotonia

53 1214 164 1310 ⁸primi
188 1223 219 1275 et
241 1212 336 1296 quinti
356 1215 447 1278 casus'
465 1215 618 1300 regulam,
654 1215 790 1298 equidem
818 1213 893 1276 nihil
923 1213 1017 1278 babeo
1040 1216 1117 1301 quod
1138 1236 1187 1279 re-

73 1315 238 1401 spondeam
256 1315 314 1378 nisi
333 1315 387 1379 illa
407 1314 561 1402 idion'yma
583 1339 650 1382 esso
671 1329 705 1381 ut
727 1312 989 1405 odyloocpt'awo,
1012 1312 1189 1406 εὐτρίαινα

72 1419 155 1505 apud
177 1418 349 1494 Pindarum,
374 1420 540 1504 similiaque
561 1421 688 1505 propriis
718 1417 737 1486 d
761 1412 944 1498 Κότταινα,
974 1412 1185 1510 ὁΜάριλλα.

72 1520 152 1586 Nam
173 1520 248 1605 quod
269 1520 417 1585 Hesiodus
440 1522 517 1586 dixit
538 1517 690 1609 άκάκητα
707 1522 907 1609 Προμηθεῦ
929 1522 986 1585 Tb.
1010 1520 1085 1586 614.
1112 1522 1187 1587 nibil

73 1627 112 1690 ad
136 1624 297 1688 Homerum
316 1624 458 1707 pertinet.
498 1625 557 1688 Sed
577 1647 631 1688 cur
652 1625 895 1713 νεφεληγερέτα
916 1625 1081 1688 scribitur?
1112 1625 1188 1689 For·

72 1740 158 1793 tasse
181 1728 217 1790 ob
241 1726 463 1803 characterem,
488 1726 544 1790 boc
572 1738 619 1792 est
641 1728 709 1813 quia
736 1727 870 1792 verbalia
891 1727 924 1790 in
941 1712 1024 1814 {eq—fi
1043 1728 1187 1791 exeuntia

72 1828 247 1898 vocativum
267 1829 377 1892 habent
399 1840 638 1916 paroxytonum,
674 1825 707 1898 uix
727 1827 869 1920 α’ρχέτα,
891 1825 1014 1917 pytte,
1036 1825 1185 1916 ν’ττεραε-

72 1933 174 2014 νέτα,
199 1931 439 2021 φιφαντολὲτα,
460 1933 644 2011 τοξαλκέτα
661 1946 720 1999 etc.
766 1935 806 1997 Et
824 1925 1047 2020 'Apyecpovw
1068 1953 1184 2016 quoqne

73 2036 219 2102 scribitur
248 2046 284 2099 ut
312 2025 513 2121 συκοφάντα
534 2036 620 2100 Hom.
646 2037 683 2101 H.
714 2039 746 2102 in
769 2036 856 2101 Vest
882 2035 1002 2099 XXIX.
1023 2036 1055 2101 7.
1082 2033 1173 2201 Orph.
1199 2026 1204 2040 “

72 2137 113 2204 Η.
132 2137 276 2204 XXVlll.
307 2137 339 2202 3.

170 2244 189 2297 ι
586 2243 615 2324 q,
640 2241 672 2309 9.
770 2277 772 2281 ·

160 2363 213 2426 llis
234 2361 369 2425 omnibus
391 2362 583 2426 manifestum
603 2361 648 2438 fit,
671 2371 792 2426 veteres
813 2361 1056 2445 metaplastorum
1076 2381 1185 2429 nomen

71 2466 105 2529 in
127 2465 273 2530 vocabula
298 2464 463 2529 contulisse
487 2464 704 2540 diversissima,
729 2485 803 2548 quae
822 2483 877 2526 nos
896 2465 1002 2546 partim
1025 2463 1186 2526 heterocli-

72 2568 114 2633 tis
144 2577 175 2631 et
203 2566 437 2650 heterogenesin
465 2565 676 2657 attribuimus,
713 2566 821 2651 partim
848 2565 988 2650 acephala
1010 2566 1133 2641 dicimus
1152 2577 1187 2630 ut

71 2692 92 2735 a
118 2668 316 2734 nominativis
342 2668 542 2733 ineffabilibus
571 2678 624 2732 aut
656 2670 694 2732 ad
725 2669 873 2758 effandum
905 2663 1005 2732 minus
1037 2669 1185 2758 expeditis

71 2784 142 2837 orta
163 2794 194 2836 v.
219 2773 247 2856 ἓ.
268 2772 302 2838 2.
326 2771 358 2837 3.
403 2773 484 2850 Alia,
509 2793 633 2857 quorum
655 2772 858 2837 nominativus
881 2793 942 2835 non
964 2783 1051 2835 extat
1065 2771 1186 2856 quidem

70 2877 127 2942 sed
149 2875 222 2960 tingi
243 2886 343 2940 tamen
364 2887 483 2960 potest,
514 2875 590 2939 nulli
619 2888 702 2940 certo
732 2875 838 2960 generi
860 2875 1008 2959 adscripta
1028 2874 1182 2938 habemus.

72 2979 188 3059 Quibus
216 2979 352 3042 omnibns
380 2979 487 3043 demtis
516 3000 665 3063 perpauca
698 2980 910 3064 relinquuntur
939 2998 1062 3041 casuum
1091 2987 1185 3040 meta-

69 3082 238 3168 plastorum
260 3082 416 3166 exempla,
440 3081 467 3147 si
488 3082 605 3167 quidem
627 3071 684 3144 hoo
706 3103 823 3144 nomen·
835 3081 873 3144 iis
894 3100 1106 3156 reservamuS,
1134 3080 1185 3163 qni

69 3171 143 3250 sine
164 3184 226 3248 ulla
248 3185 429 3250 observabili
451 3185 569 3249 ratione
595 3206 614 3248 a
635 3183 836 3247 declinatione
860 3204 915 3247 sua
937 3182 1131 3247 desciverunt
1150 3195 1185 3247 nt

70 3284 249 3379 άλίτραχα,
271 3289 424 3358 ordeolus.
470 3288 670 3379 Hanc'autem
693 3286 899 3370 quaestionem
920 3286 1104 3380 instituimus
1123 3288 1185 3371 pri·

70 3414 168 3469 mum,
193 3403 229 3457 ut
250 3415 324 3477 quae
346 3415 364 3457 a
385 3390 594 3457 Grammaticis
624 3391 770 3454 inunum
792 3409 904 3453 nomen
926 3400 958 3452 et
979 3410 1086 3475 corpus
1109 3410 1184 3452 con-

69 3495 142 3559 fusa
161 3506 245 3573 sunt,
269 3496 522 3581 distingueremus
549 3494 739 3574 accuratius3
770 3505 834 3557 tum
860 3492 949 3555 etiam
972 3494 1092 3557 obeam
1115 3515 1185 3558 cau-

70 3619 150 3673 sam,
175 3599 256 3680 quia,
278 3621 352 3683 quae
374 3599 420 3663 illi
441 3599 624 3682 metaplastis
646 3599 855 3672 adnumerant,
879 3587 1000 3686 στάηα,
1023 3595 1108 3684 νίφα
1122 3609 1181 3660 etc.

69 3699 149 3763 haec
171 3700 234 3784 ipsa
257 3703 343 3766 nobis
362 3702 587 3768 vetustissimae
610 3711 641 3764 et
662 3699 898 3783 simplicissimae
921 3701 1074 3765 nominum
1089 3699 1184 3762 fictio-

69 3803 120 3867 nis
144 3804 295 3888 specimen
315 3808 470 3892 praebent,
496 3824 571 3889 quae
586 3803 747 3867 verborum
770 3805 911 3908 stirpibus
929 3804 1005 3870 nibil
1024 3803 1183 3889 quidquam

69 3905 154 3972 addit
178 3916 300 3992 practer
321 3910 428 3996 sigma,
451 3918 486 3973 ut
507 3907 550 3972 ita
572 3906 903 3984 ticamformativum.

515 4056 744 4079 ..au-*¹*—
