2506 4492
62 152 65 157 ⁵
99 202 171 272 err
460 197 772 291 nrssuurorro
794 196 853 265 iv.

101 382 215 451 hloeris
237 400 380 467 personas
401 379 492 446 attice
512 379 690 469 rrpdrorro,
709 381 800 466 vulgo
822 386 1020 466 προεοπεῖα
1038 379 1146 444 vocari
1158 380 1208 445 ait.

92 485 245 555 ,Poculum
267 485 390 568 cymbae
411 482 508 548 simile
530 506 591 548 non
613 485 709 548 solum
730 486 899 571 κνμβεῖον
913 481 1035 559 dieitur,
1058 483 1211 547 sedetiam

103 585 221 674 κύμβη
240 584 352 650 Athen.
376 585 433 651 Xl.
457 583 532 650 483.
555 587 594 650 Α.
618 587 731 651 Aneod.
754 609 786 671 p.
809 584 885 652 274.
912 598 1107 652 στυππεῖον
1126 586 1212 650 Sobo-

102 691 208 755 liastes
230 687 357 753 Luciani
379 687 466 752 Asin.
491 690 518 772 §.
530 687 585 753 31.
602 710 632 774 p.
645 686 716 753 168.
741 688 958 772 interpretatur
983 681 1212 776 cedmon),

102 792 245 876 nulloque
274 790 447 855 discrimine
475 789 595 878 κελέβη
623 791 731 854 diuitum
760 800 792 854 ct
819 789 990 878 κελέβειον
1017 790 1129 854 Athen.
1157 789 1211 854 Xl.

103 893 179 959 476.
203 894 242 958 D.
266 893 407 957 Photius:
440 894 579 980 Μνῆμα
598 890 708 977 petuo
735 885 862 974 οοέφος,
886 906 1063 979 μνημεῖον
1088 892 1124 959 db
1143 891 1214 959 πᾶν

104 988 352 1085 μμημόσυμομ,
375 997 427 1060 sed
450 999 565 1060 constat
592 1008 681 1071 saepe
708 1008 801 1051 unum
826 1009 882 1074 pro
910 988 1010 1053 altero
1041 997 1128 1074 poni,
1158 1016 1215 1058 nec

102 1100 200 1185 magis
228 1099 306 1163 fixos
337 1100 479 1163 terminos
508 1089 617 1153 habent
645 1090 740 1177 σῆμα
773 1101 804 1154 et
835 1104 998 1177 σημεῖον,
1026 1089 1215 1180 γλωσσόκο-

103 1224 175 1289 μον
197 1213 228 1266 et
248 1202 530 1287 νλαοοοκομεῑον,
555 1215 681 1276 quornm
709 1195 792 1278 prius
814 1193 952 1278 repudiat
974 1194 1163 1280 Phrynichus
1185 1220 1211 1281 p.

103 1304 157 1370 98.
189 1304 272 1367 Plato
292 1298 386 1379 Legg.
419 1293 471 1356 lll.
496 1293 570 1358 678.
595 1296 633 1360 Ι).
656 1297 840 1384 μεταλλεῖα
870 1297 991 1380 scripsit
1020 1320 1076 1382 pro
1105 1299 1214 1363 usitato

101 1405 263 1493 μέταλλα,
290 1393 475 1470 ἐναολείοις
505 1397 588 1460 codd.
612 1402 757 1483 praebent
786 1421 840 1483 pro
862 1396 1019 1473 ἐναύλοις
1045 1401 1123 1467 Eur.
1148 1403 1212 1467 Hel.

105 1501 200 1572 1116.
224 1511 256 1565 et
277 1494 379 1587 ἄγγος
406 1519 460 1583 pro
487 1495 625 1586 α’γγεῑον
657 1502 760 1567 Νοοο.
793 1502 874 1586 Epit.
902 1500 953 1566 111.
978 1501 1033 1567 ab.
1067 1505 1105 1568 de
1134 1501 1214 1590 τύλη
1247 1564 1250 1571 .

103 1619 135 1672 et
149 1606 285 1673 τνλεῐον
303 1602 366 1666 dixi
388 1602 487 1687 aliqua
501 1604 537 1665 ad
553 1603 666 1690 Phryn.
680 1604 792 1688 μ174.
812 1599 916 1680 δεῖνος
930 1617 961 1669 ct
984 1599 1123 1673 δάνειον
1146 1631 1214 1671 conv

103 1709 188 1775 fundi
209 1705 429 1791 Lexicograpbi
452 1707 572 1783 docent,
596 1728 652 1770 neo
673 1708 824 1792 Euphorio
846 1709 962 1791 veritus
986 1721 1032 1773 est
1046 1732 1100 1794 pro
1118 1710 1213 1796 κρέας

104 1813 237 1877 scribere
259 1821 393 1897 κρεῖον,
417 1830 504 1893 quom
526 1809 562 1873 ad
583 1809 825 1876 schematismum
847 1804 928 1896 prae
947 1812 1059 1877 ceteris
1089 1814 1214 1877 iuchnat

26 1928 29 1939 '
103 1912 266 1990 Nicander,
290 1925 484 1997 οπερμεῖον,
508 1916 726 1999 οτρομβεῑον,
749 1916 941 1995 moechatos,
958 1907 1142 1995 ννάθειον,
1157 1908 1213 1982 νεί-

104 2040 215 2097 πειον,
238 2010 403 2101 δορπήϊον
425 2025 484 2078 ote.
532 2016 705 2100 Quanquam
728 2016 927 2082 Schneiderus
948 2018 980 2081 in
1000 2018 1100 2081 Praei.
1118 2041 1149 2100 p.
1165 2017 1211 2080 Vl.

105 2119 174 2203 quia
199 2119 287 2181 modo
316 2116 405 2205 ῥιζέα
436 2116 547 2199 legitur
577 2128 608 2178 et
637 2119 777 2202 νορσέα,
809 2122 896 2182 modo
927 2118 1068 2193 κανλία,
1102 2122 1213 2184 dubitat

104 2231 204 2284 utrum
225 2219 278 2280 ille
300 2220 442 2290 nomina,
466 2236 540 2298 quac
563 2215 696 2300 legitime
718 2221 750 2282 in
772 2207 852 2287 ει-ον
865 2220 1086 2296 terminantur,
1123 2223 1213 2286 corri-

103 2320 203 2409 puerit
225 2320 358 2382 detracta
388 2319 476 2382 litera
504 2324 536 2395 i,
567 2342 606 2384 an
634 2320 750 2385 nativas
778 2324 888 2386 formas
912 2320 1036 2411 ῥιζίον,
1061 2324 1212 2405 καολίον,

104 2421 255 2511 populeo,
279 2422 329 2484 ubi
351 2421 440 2507 longa
463 2423 579 2509 syllaba
604 2445 677 2507 opus
700 2436 800 2502 esset,
831 2425 1008 2511 produxerit
1034 2426 1211 2511 interposito

104 2527 167 2592 iota
189 2529 312 2614 ῥιζεῑον
335 2535 393 2589 eto.
439 2524 493 2589 lllc
516 2526 665 2608 posterius
687 2529 836 2610 praelert3
861 2531 947 2594 nobis
970 2531 1005 2593 de
1035 2530 1104 2594 aliis
1128 2533 1213 2594 aliter
1241 2590 1244 2595 .

106 2629 297 2695 statuendum
319 2627 457 2705 videtur3
482 2650 550 2691 nam
573 2628 752 2714 οπερμίον,
774 2630 913 2714 ναπίον,
935 2631 1101 2720 δορπίον,
1134 2647 1211 2698 certe

105 2754 167 2797 non
188 2730 391 2815 reperiuntur,
415 2733 466 2794 sed
489 2730 621 2808 herbam,
646 2755 719 2817 quae
741 2736 831 2820 vulgo
855 2733 1036 2823 ομνρνίον,
1063 2737 1212 2800 Nicander

106 2846 292 2920 σμυρνεῖον
320 2844 430 2910 vocat3
464 2825 626 2920 οφήκειον
658 2837 772 2919 (Schol.
797 2845 973 2926 σφηνεῖον)
1010 2849 1042 2902 et
1072 2833 1210 2925 μυρμή-

105 2958 197 3002 νειον
223 2935 446 3019 phalangiorum
470 2958 582 3020 genera
606 2951 695 3017 sunt,
725 2962 849 3025 quorum
879 2942 934 3006 hoc
962 2943 1053 3007 etiam
1074 2940 1210 3030 μύρμηξ

107 3050 139 3102 et
157 3037 403 3127 μορμομοειδές
426 3039 545 3104 dicitur.

110 3363 124 3415 f
172 3277 220 3417 l34)
238 3270 343 3349 Στῦπη,
360 3287 451 3349 stupa,
480 3283 549 3350 stipa
566 3291 594 3334 et
616 3279 711 3354 οτοιβῆ
728 3283 844 3353 (culcita)
869 3283 983 3350 ejusdem
1007 3303 1067 3340 esse
1093 3292 1210 3346 videntur

121 3378 171 3417 amr
193 3379 232 3415 ue.

553 3589 759 3608 *-
