2506 4492
299 172 361 243 ltu
390 174 938 263 eunucuuututuupt.
1055 120 1058 125 ι
1126 184 1171 253 tu

60 348 276 444 πραπρηνήι,
289 348 520 445 τιτράτρσφσι
536 354 656 421 llcsiod.
675 350 878 448 τιτράτρσχα
893 354 1055 445 άμαξάάια
1068 362 1170 431 Solrcl.

59 458 95 525 in
123 459 253 525 Aristot.
283 458 319 524 L.
352 459 389 523 de
418 459 532 523 luceas.
561 478 592 543 p.
623 456 697 523 153.
727 461 757 523 lr.
787 456 1001 553 ἑπτάιιτσχος
1029 464 1111 530 Suid.
1140 488 1169 533 s.

57 556 304 653 Ἐπταβάεισν,
330 582 457 625 numero
478 580 590 646 paam,
611 580 668 624 usn
691 560 784 639 viliu3
818 582 874 628 nec
895 556 1106 651 λαπράιιριως
1127 568 1171 633 di·

60 664 142 731 citnr
173 677 229 731 aut
255 654 492 752 μανράιιρανος
522 660 784 751 (μακεσίιιρανσς
815 666 983 752 Hesychius
1014 669 1102 734 offert
1132 672 1169 735 ab

59 766 234 855 Aeschylo,
264 777 298 831 ut
326 767 480 857 suspicor,
514 766 714 851 usurpatum).
758 766 824 831 Nec
848 788 937 853 saepe
962 771 1055 835 motio
1082 772 1170 857 hujus

59 869 216 955 epalleliae
235 869 446 934 necessitatem
465 867 563 947 offert,
585 866 819 954 μισθοῦσθαι,
837 870 1038 950 αἰσθέσθαι,
1055 870 1170 961 ἡσθῆ-

59 982 161 1055 σθαι,
193 993 269 1057 σασα
295 970 404 1036 evitari
426 992 486 1034 non
508 981 687 1054 potnerunt,
720 973 773 1036 sed
796 966 960 1065 p’oatdprapu
984 975 1083 1039 dicere
1108 998 1170 1041 ma·

56 1074 204 1149 luerunt,
233 1095 321 1159 quam
342 1066 526 1164 ᾑσθέσθην
548 1083 582 1137 ut
602 1069 794 1163 ἠχθέσθην.
838 1075 956 1153 Semel,
987 1077 1046 1141 nisi
1067 1078 1169 1155 fallor,

56 1177 214 1262 reperitur
236 1176 270 1241 in
290 1196 439 1262 paragoge
460 1175 594 1241 ascitioia
614 1176 842 1264 βσσιιὲσιισντσ
866 1178 974 1265 Odyss.
996 1177 1067 1243 Xll.
1091 1179 1166 1245 355.

57 1301 211 1365 nunquam
232 1272 411 1357 λάσκεσιιε,
433 1269 617 1366 odoaccar,
640 1272 815 1359 α’σιιίσιισς,
838 1278 1023 1369 peculator,
1048 1282 1168 1349 aliudve

56 1382 103 1448 his
131 1382 246 1447 simile.
295 1382 352 1446 Cui
379 1381 427 1447 rei
455 1393 523 1467 opta
550 1391 581 1445 et
610 1402 749 1447 connoxa
777 1384 897 1448 videtur
924 1384 1167 1467 reduplicationis

56 1486 150 1563 ratio,
174 1468 347 1570 τιτραάνω,
370 1482 546 1570 κέκραμαι,
568 1482 785 1571 βέβλαμμαι,
806 1506 893 1569 quam
914 1484 1022 1549 imitati
1042 1487 1168 1550 llomani

56 1587 186 1672 primurn
216 1586 386 1673 spopondi,
419 1585 562 1662 succidi,
603 1596 666 1649 tum
694 1586 780 1651 velut
807 1599 1035 1652 mansuescente
1065 1588 1169 1673 lingua

56 1688 189 1775 ιμσιιάά,
212 1688 313 1766 σοι’άί,
337 1689 492 1753 dixerunt.
531 1686 576 1749 Ac
597 1698 671 1750 sunt
690 1687 775 1771 plora
796 1688 944 1752 cautionis
966 1688 1053 1773 hujus
1074 1690 1168 1754 vcsti-

56 1791 114 1877 gitt.
157 1790 331 1857 Priscianus
349 1789 403 1854 lV.
424 1787 457 1865 7,
481 1786 555 1853 165.
580 1790 720 1852 nutritor
741 1810 862 1875 quoquc
882 1790 1040 1869 nutriatis
1063 1789 1170 1855 debuit

48 1890 182 1979 Ῑσσσισ,
205 1890 293 1980 quod
311 1892 483 1978 euphoniae
504 1912 599 1955 causa
620 1892 686 1955 saca
707 1890 900 1954 alternitatis
920 1888 1051 1955 acediam
1071 1892 1168 1977 aplic-

57 1992 123 2061 dom
146 1993 305 2071 concidit3
334 1996 450 2059 nutrito
471 1996 550 2057 enim
572 1992 714 2081 dicimus.
760 1992 875 2057 Deinde
898 1983 1026 2067 σαστάς
1050 1994 1168 2077 quidem

10 2096 16 2111 '
58 2098 166 2162 dicitur
201 2108 235 2163 et
265 2088 409 2187 χαστός,
445 2088 635 2184 άρρωστσς,
669 2084 858 2185 άχρωστσς,
900 2098 954 2161 sed
985 2100 1167 2183 ἕστρωμαι,

58 2192 247 2288 άστρατσς,
277 2211 313 2265 nt
333 2210 366 2266 ct
385 2198 602 2274 substantivis,
631 2190 789 2283 ἐραστής,
816 2194 1048 2285 μετανάστης,
1075 2200 1168 2266 τελα-

63 2298 160 2391 στής,
181 2302 279 2388 sigma
300 2298 476 2367 caroenum
498 2313 563 2378 est,
591 2302 667 2385 qnod
689 2296 868 2387 ἐπιστάτης
889 2312 1021 2365 σσσιισσῑ.
1067 2300 1167 2381 Quid?

10 2370 23 2499 l
62 2426 159 2471 noune
178 2406 282 2471 eadem
302 2424 394 2469 causa
411 2405 542 2483 videtur,
567 2425 621 2467 cnr
642 2424 659 2467 a
678 2402 780 2467 verbis
798 2402 946 2486 plurimis,
969 2423 1044 2486 quaa
1062 2402 1166 2467 literas

12 2504 15 2517 '
61 2492 103 2575 στ’
120 2508 297 2583 continent,
327 2498 518 2587 κλαστάζω,
545 2500 719 2590 α’ριστίζω,
747 2499 937 2588 άμσστίζω,
966 2499 1166 2588 βληστρίζω,

64 2606 446 2711 Μρίξισ-ζμρμιτάζσ,
473 2602 616 2687 aioaldo,
649 2604 764 2669 nullum
791 2614 973 2689 propagetur
1000 2624 1109 2668 nomen
1133 2602 1166 2667 in

66 2736 153 2797 στος,
176 2736 275 2799 oropo,
298 2734 396 2791 στας,
419 2729 494 2797 quae
516 2721 615 2775 autem
636 2728 654 2772 a
674 2698 842 2795 βαστάζω,
864 2699 1017 2788 άιστάζα,
1037 2700 1168 2775 ναστά-

67 2818 116 2897 ζα,
146 2826 310 2901 propagata
334 2825 422 2890 sunt,
452 2834 505 2899 pro
529 2813 625 2897 sigma
647 2809 741 2874 loturi
764 2811 962 2875 assumserint
984 2809 1166 2894 gutturalem

23 2964 26 2973 ·
68 2908 252 3005 βασταιιτής
271 2908 468 3005 (βασταγή),
491 2904 692 2998 ννσταντής,
714 2907 921 2986 decrescendo
940 2904 1166 2999 (droauypco'c),

23 2994 40 3139 b
69 3040 117 3103 pua
135 3019 257 3086 ratione
279 3019 475 3083 hbclactatur
490 3013 680 3081 Valckenarii
702 3014 874 3098 conjectura
894 3013 931 3075 ad
949 3012 1077 3077 llerodo.
1096 3012 1162 3076 Vll.

27 3160 31 3177 ·.
70 3119 115 3187 35.
143 3144 197 3209 pro
225 3111 443 3206 ὑπασπιστής
464 3118 516 3182 lV.
545 3118 677 3182 Maccab.
702 3115 754 3180 lV.
787 3115 839 3179 11.
869 3113 1069 3198 recipiendam
1097 3134 1165 3181 esse

72 3224 170 3289 codicis
194 3222 396 3289 Alexandrini
422 3221 599 3305 scripturam
624 3208 813 3305 pcaoaeoaap'c
832 3218 888 3301 ¹⁸).
932 3214 997 3281 Nec
1024 3217 1165 3283 tolerabi-

71 3322 295 3391 liaSclrneideri
322 3324 489 3389 emendatio
514 3319 745 3409 Φαίδρανάρος
770 3321 802 3384 in
824 3318 935 3383 Athen.
957 3318 1001 3381 X.
1024 3316 1100 3383 449.
1125 3318 1162 3383 C.

72 3424 224 3493 intaxioo
243 3426 299 3493 Gr.
320 3425 481 3514 proposita.
517 3425 671 3489 Postremo
692 3422 800 3488 dicitur
819 3420 936 3505 quidem
954 3415 1067 3508 άλνῶν
1084 3420 1166 3496 τούς

73 3520 268 3618 ὀφθαλμούς
298 3529 378 3595 Plut.
407 3526 556 3613 Apophth.
586 3525 720 3592 Laconn.
751 3548 782 3612 p.
812 3522 889 3590 244.
923 3534 955 3588 et
984 3519 1165 3612 diypdduae

76 3696 272 3717 *—
341 3684 365 3735 ‘a

129 3768 182 3871 18)ss
185 3768 293 3887 „Rumon
308 3788 469 3873 μαστιγιάσ,
494 3798 559 3868 quod
577 3794 704 3852 Graccum
724 3814 780 3850 asso
798 3804 890 3864 nogat,
916 3806 987 3851 certe
1004 3812 1053 3849 noo
1072 3794 1162 3845 advar-

78 3888 117 3939 tul
137 3890 271 3956 ασιῑσςίασ
294 3888 408 3940 ostendit
429 3886 513 3938 sirnilo
535 3881 684 3955 άριταγιῦς,
711 3885 761 3936 nisi
784 3900 829 3951 pro
850 3878 988 3955 άρααγέατ
1004 3877 1163 3933 Themistins

79 3964 184 4046 loturos
199 3976 322 4043 scripsit,
347 3981 487 4042 utrumqne
505 3979 592 4025 autam
614 3986 631 4024 a
648 3971 748 4026 nornine
765 3971 869 4023 ductum
891 3976 922 4019 ut
939 3959 1079 4039 ῥαφιδιάι,
1103 3978 1162 4017 nam

80 4062 170 4117 ¹totle
187 4078 240 4116 non
255 4059 326 4115 licut.

10 3910 50 4139 t

27 4144 298 4444 l„

956 4147 1001 4219 2.
