2506 4492
33 146 51 259 g
89 159 158 229 tot
429 153 749 220 nussunrumo
778 152 843 222 111.

85 338 241 430 βρεφέαν
257 334 393 404 πολλῶν
410 336 523 420 εἰρενα
540 332 678 423 μέσσαν
698 334 756 402 nul
772 335 882 404 ταῦτα
898 335 950 425 μη
973 339 1115 425 ἔχοντος
1137 335 1191 406 od·

85 444 148 511 coci
166 436 343 525 οὐδετέρου
359 429 701 526 παρασχηματιομόν,
721 440 801 512 ἴσως
817 438 872 507 3ιοί
888 438 927 506 τὸ
943 441 1074 526 μέτρον
1091 441 1188 506 Schol.

84 546 233 610 Theodos.
250 542 364 605 Anecd.
382 563 412 625 p.
431 538 525 605 1198.
551 539 724 603 Callimachi
743 563 863 618 versus,
886 563 973 626 quem
988 543 1190 609 Blomlieldius

3 678 15 691 -·
85 650 205 732 Fragm.
227 645 266 710 N.
291 643 365 708 497.
394 665 435 707 ex
459 643 523 707 solo
549 643 678 706 Lascare
703 644 811 724 edidit,
843 646 875 717 in
896 646 1012 709 Anccd.
1038 646 1144 710 Crem.
1166 646 1187 710 I.

85 751 160 817 413.
185 751 229 815 sic
247 748 375 831 scriptus
398 757 445 810 est
465 742 540 812 αλλ’
561 743 639 812 α’ντί
659 746 814 833 βρεῳέαν
835 743 956 812 πολιὸν
975 746 1057 813 νέον
1080 752 1189 834 εἴρενα

83 854 229 942 μέσσον,
255 851 339 933 isque
361 850 586 934 conjungendus
608 850 728 913 videtur
750 870 817 912 cum
838 849 959 934 Fragm.
984 848 1062 914 304.
1086 852 1188 938 μητέ-

50 942 59 965 .
83 981 145 1046 ρας
165 953 366 1033 ἐξενένασαν
388 943 593 1036 ἐκοῶφισοῶν
614 976 650 1017 τε
671 948 836 1038 τιθήνας,
866 952 942 1035 quod
967 951 1019 1017 illc
1045 958 1103 1020 έπί
1125 954 1189 1022 τῶν

81 1054 309 1144 ἀπολομένων
336 1051 470 1139 νηπίων
496 1054 574 1117 dlxit
603 1076 633 1118 v.
659 1053 787 1140 Gregor.
816 1055 916 1118 Schol.
943 1055 974 1117 in
998 1056 1143 1143 llermog.
1165 1057 1186 1122 I.

83 1159 179 1226 1133.
204 1160 240 1223 Τ.
263 1157 330 1221 Vll.
354 1169 386 1220 et
408 1178 474 1220 cum
495 1156 614 1241 Fragm.
638 1156 714 1223 200.
739 1158 837 1222 Bentl.
867 1158 923 1224 καί
943 1153 1046 1246 γόνος
1070 1160 1187 1247 αἰζηῶν

83 1267 181 1351 dyene
202 1255 407 1347 κηδεμόνας,
428 1260 478 1344 qui
500 1280 608 1323 versus
629 1259 755 1324 affertur
776 1262 809 1324 in
831 1260 931 1325 Schol.
956 1262 993 1324 ad
1017 1261 1053 1324 Il.
1076 1264 1116 1329 Φ.
1138 1262 1183 1329 12.

83 1369 136 1431 sed
156 1366 255 1430 reciso
279 1364 421 1447 principio
447 1361 482 1435 ὃς
508 1362 631 1447 αἰζηῶν
656 1367 753 1451 ε”γραε
778 1364 985 1450 κηδέμονας,
1019 1358 1184 1447 quot'ttei-

82 1469 190 1533 nehius
211 1468 247 1531 ed
269 1466 426 1530 Menandr.
450 1487 480 1550 p.
505 1463 579 1528 123.
605 1465 648 1529 ita
669 1468 833 1531 restituere
856 1477 981 1530 conatur
1006 1470 1135 1553 κληρον
1154 1463 1185 1541 ὅς

81 1570 214 1658 αἰζηῶν.
258 1570 332 1634 Mihi
353 1589 427 1632 vero
450 1568 481 1630 hi
501 1588 610 1632 versus
631 1568 676 1632 sic
698 1570 897 1655 conjungendi
919 1568 1084 1634 videntur=

164 1668 255 1742 Ἀλλ’
277 1667 355 1739 ῶντί
374 1671 530 1760 βρεφέαν
551 1671 686 1738 πολλῶν
707 1670 817 1739 πολῶν
838 1668 942 1758 εἴρεν’
962 1667 1109 1760 ῶμησαν

163 1880 313 1967 μητέρας
334 1876 536 1955 ἐξεκέναοαν
557 1871 764 1963 ἐνούῳισσῶν
786 1904 823 1945 τε
843 1874 993 1965 τιθήνας

245 1981 300 2046 col
321 1975 400 2069 ydor
422 1979 545 2063 αἰζηῶν
567 1984 663 2067 ἔγραε
685 1976 875 2067 κηδεμόνας

77 2086 108 2149 id
130 2095 177 2148 est
198 2106 251 2168 pro
273 2082 376 2146 multis
398 2083 579 2158 infantibus,
609 2103 683 2167 quos
706 2082 807 2146 hostes
830 2083 1023 2165 occiderunt,
1054 2087 1178 2152 vicissim

76 2187 187 2250 multos
208 2188 317 2270 pueros
339 2185 568 2248 demessuerunt
588 2196 647 2248 etc.
671 2196 705 2249 ut
726 2185 852 2249 Nonnus
869 2187 1005 2250 XXXV.
1023 2188 1101 2275 2622.
1125 2215 1179 2257 αα·

75 2280 200 2374 τῶροας
215 2285 394 2353 κτείνοντα
411 2286 468 2352 καλ
484 2281 648 2372 ῶμῶοντα
666 2301 830 2374 γυναῖκας
847 2311 879 2352 v.
895 2289 1022 2355 Sichelis
1040 2284 1079 2355 ad
1095 2292 1176 2356 Paos.

77 2391 157 2456 VIII.
179 2390 211 2469 7,
228 2387 303 2455 223.
339 2388 443 2473 Neque
466 2391 596 2453 alienum
618 2391 711 2455 luerit
732 2386 873 2458 ὄλεσσαν
895 2393 1041 2457 scrihere.
1074 2396 1179 2482 Εἰρην

75 2505 297 2580 paroxytonum
325 2504 372 2556 est
398 2493 549 2556 Plutarch.
574 2492 613 2558 V.
639 2492 714 2580 Lyc.
738 2493 836 2557 XVII.
867 2494 968 2580 Etym.
994 2496 1036 2559 hl.
1065 2497 1176 2560 Anecd.

74 2596 196 2662 Bachm.
220 2595 258 2658 Il.
283 2594 357 2659 335.
382 2594 497 2658 Anecd.
521 2595 616 2660 Behk.
640 2619 669 2681 p.
695 2595 790 2660 1198.
819 2598 896 2680 quod
918 2597 946 2660 si
967 2607 1052 2662 recte
1074 2620 1109 2663 se
1131 2599 1176 2663 hu·

73 2700 142 2773 ser,
173 2697 372 2761 callimachus
393 2700 488 2783 αρηο
510 2720 562 2782 pro
585 2700 733 2784 adjectivo
755 2676 893 2763 ualuiss‘e
916 2700 1036 2764 vitetur
1062 2715 1097 2767 uc
1118 2696 1175 2790 ἰρ-

74 2821 139 2885 σην
161 2809 193 2863 et
212 2798 323 2884 πέρην,
345 2820 420 2882 quae
443 2812 551 2864 neutro
573 2821 685 2884 genere
707 2823 769 2865 uon
790 2811 895 2865 carent
902 2829 913 2878 3
945 2798 984 2869 τὸ
1003 2797 1110 2892 ῶροεν
1126 2805 1176 2893 γε’·

69 2926 134 2978 νος
154 2902 229 2966 Ilur.
253 2900 330 2964 Dan.
354 2900 406 2963 Fr.
431 2900 496 2965 VH.
520 2900 553 2965 3.
578 2902 705 2988 Σνρίας
725 2904 844 2990 τέρενα
865 2903 1018 2991 τέρματα
1041 2909 1107 2974 sive
1127 2931 1174 2994 po·

72 3007 133 3070 tius
159 3005 317 3092 φέρματα
339 3003 551 3087 Melanippidcs
576 3005 687 3069 Athen.
710 3005 794 3069 XIV.
821 3004 896 3071 651.
920 3009 955 3072 F.
1002 3010 1062 3075 Sed
1088 3011 1174 3077 Scho-

72 3107 190 3170 liastnm
213 3107 373 3172 Theodosii
386 3098 490 3192 sindo
511 3107 667 3192 scripsisse
692 3130 755 3172 non
777 3110 888 3194 εἰρην,
918 3124 1042 3196 apparet
1068 3135 1108 3179 ex
1128 3134 1173 3179 re·

73 3210 143 3296 gula
164 3231 238 3294 quae
261 3222 309 3274 est
330 3211 366 3274 de
388 3209 543 3294 oxytonis.
588 3210 693 3294 Neque
716 3210 771 3274 hoc
792 3211 888 3276 solum
911 3233 964 3296 per
986 3201 1065 3290 err-h}
1087 3214 1171 3280 decli-

72 3323 161 3376 natur
185 3312 237 3375 sed
259 3324 291 3376 et
311 3323 445 3397 ouytono
467 3306 571 3398 α’ρην,
601 3334 697 3396 aquo
720 3313 821 3398 Etym.
846 3314 888 3377 M.
912 3312 989 3394 377,
1012 3317 1068 3401 22.
1092 3312 1173 3404 ῶρη·

70 3409 236 3502 νοβοσκός
257 3415 451 3498 compositum
473 3414 556 3493 dicit,
580 3414 656 3480 hono
677 3417 905 3482 declinationem
927 3419 1065 3505 assignat
1081 3420 1172 3505 Phry·

71 3516 178 3578 nichus
198 3513 273 3599 App.
297 3537 326 3599 p.
351 3515 384 3592 7,
408 3516 459 3579 11.
489 3509 576 3602 α’ρη’ν
603 3514 640 3583 τέ
667 3521 729 3585 τοῶ
755 3512 932 3607 προβῶτοο
959 3525 1104 3610 ἔγγονον
1130 3518 1171 3596 ῶς

69 3609 191 3705 λιμήν,
212 3610 324 3702 ῶμην,
349 3630 380 3682 et
401 3619 467 3684 lieri
488 3621 561 3683 adeo
583 3631 682 3703 potest
702 3632 736 3687 ut
756 3616 851 3711 εἰρήν
873 3633 904 3686 et
925 3617 1021 3710 α’ρήν
1036 3637 1098 3691 tum
1118 3626 1170 3692 sihi

70 3723 132 3788 sint
153 3720 251 3785 affinia
272 3741 358 3802 ηοεια
371 3721 499 3803 juvenis
520 3732 552 3785 et
563 3722 683 3805 jum‘or,
711 3727 795 3812 cnjus
817 3727 968 3811 persimile
991 3750 1101 3802 nomen
1121 3750 1170 3813 up·

69 3825 153 3909 ponit
173 3821 340 3908 Hesychius
361 3817 495 3911 Ἐρινοίς
521 3825 663 3912 (ἕρινας)
689 3827 769 3902 νέας
793 3828 889 3917 βοῦς.
934 3830 1002 3907 lIuc¹
1028 3831 1170 3897 accedunt

69 3928 128 3991 duo
153 3925 222 3993 τῶν
247 3926 588 4014 νοινολεντονμένων.
631 3930 806 4015 Apollonius
828 3932 863 3995 de
886 3931 986 4011 Pron„
1002 3956 1034 4019 p.
1059 3933 1112 4000 34.
1134 3933 1168 3998 B.

67 4024 246 4116 ἤαῶχένος
263 4021 453 4116 παρῶλογός
471 4033 572 4098 ἐστιν.
596 4032 717 4096 Photius
736 4042 767 4096 et
781 4035 893 4099 Anecd.
910 4035 1006 4099 Bekk.
1024 4035 1101 4116 342,
1119 4027 1170 4103 29.Ι
