2506 4492
247 152 305 263 nn
331 197 763 265 nonnonuuuomn.
793 199 830 265 c.
848 200 874 266 1.
904 201 934 287 §-
954 201 986 268 a
1104 207 1172 272 sos

68 402 134 448 νον
148 379 236 443 Enst.
252 377 374 464 peso,
393 378 423 443 1.
447 372 487 444 τὸ
506 374 705 468 οἷντίῤῥινον
724 393 755 445 et
770 374 960 468 ιίιτόῤῥινον
974 382 1043 445 Ruf.
1059 383 1169 468 Ephes.

69 484 106 547 de
128 482 210 546 Part.
234 503 264 566 p.
288 480 341 545 36.
372 502 458 564 quam
483 491 639 564 utramque
665 484 790 546 formam
817 485 1171 571 conjunxit'Xenophon

72 585 152 670 Cyn.
168 583 220 646 lll.
237 583 272 659 2,
289 581 322 645 3.
346 577 458 668 alpinae
480 593 511 647 et
530 577 651 670 ιίρινοι.
681 577 842 670 Ἀκρόθιν
864 586 928 649 sive
948 581 1093 675 οίκρὸθις
1111 612 1172 654 000

70 687 224 771 reperitur
245 685 504 768 neque¹Pindarus
521 685 568 748 01.
586 687 627 749 X.
646 684 699 750 68.
723 681 893 771 ἀκρόθινα
914 685 1018 767 etate,
1042 701 1076 753 ut
1093 691 1173 778 Hey·

71 790 122 853 nio
144 789 243 853 visum
250 833 261 863 ‚
291 788 343 850 sed
365 786 408 854 ταί
430 783 598 872 α’κρόθινα
627 789 706 851 dixit
731 810 784 872 pro
807 802 953 854 consueto
978 784 1173 877 depactum,

71 891 120 956 cui
142 889 240 954 simile
263 901 311 953 est
331 885 555 975 ἀσαλαμίνιος
577 900 608 954 et
629 883 815 976 αἀπλκίνιος
837 892 938 956 Diosc.
959 893 1034 976 Eup.
1056 893 1096 956 11.
1118 895 1172 972 61,

70 993 147 1062 272.
180 992 256 1076 quod
285 985 457 1076 ιίοπληνος
483 993 540 1055 dici
568 992 656 1055 solet.
701 994 836 1057 Eundem
857 995 969 1058 llexnm
995 995 1104 1059 habent
1125 1000 1174 1061 ad-

65 1096 185 1184 jectiva
205 1095 241 1157 ab
264 1095 299 1160 ίν
321 1094 483 1178 composita
504 1088 611 1170 ἄϊνος,
633 1089 756 1175 aduror,
776 1101 902 1183 ἔφινος,
924 1091 1100 1185 triparcos,
1121 1100 1175 1165 λε-

69 1193 222 1272 medicos.
253 1195 330 1258 Hinc
349 1195 510 1279 paullulum
532 1196 713 1263 declinantes
731 1200 887 1263 incidimus
905 1222 964 1264 non
982 1202 1014 1264 in
1032 1202 1173 1287 Scyllam,

69 1303 124 1368 sed
146 1302 180 1365 in
202 1298 320 1385 Scyllae
341 1308 467 1363 matrem
488 1297 677 1386 Κραταιίν,
701 1323 787 1395 qnam
810 1302 952 1368 invocare
968 1305 1092 1389 jubetur
1114 1304 1175 1369 Uti-

68 1426 130 1471 xos
153 1402 208 1467 0d.
229 1403 277 1468 M.
302 1398 375 1466 124.
399 1403 565 1487 βωστρεῖν
587 1401 622 1468 dl
640 1403 811 1488 Κραταιλν
830 1405 961 1491 μητέρα
981 1408 1046 1496 τῆς·
1065 1400 1175 1498 Σκιλλ-

69 1509 144 1593 λης,
166 1505 227 1569 filia
249 1506 311 1587 ipsa
330 1502 618 1590 τερατωιλεστέραν
637 1506 869 1589 significatione,
892 1508 1103 1583 declinatione,
1126 1532 1175 1581 0οε

69 1620 175 1676 centu.
220 1606 301 1671 Deus
329 1607 394 1669 sive
416 1607 470 1669 dea
495 1596 686 1690 multipotens
714 1629 767 1690 pen
789 1609 999 1673 excellentiam
1027 1612 1175 1675 nominari

69 1721 173 1798 potest
193 1706 343 1797 κραταίις
365 1708 416 1773 vel
438 1694 584 1793 adjective
605 1709 656 1773 vel
678 1709 807 1793 proprie,
830 1710 909 1774 sicnt
924 1711 1015 1778 herba
1034 1714 1175 1796 quaedam
1211 1730 1214 1739 ’

70 1814 184 1878 dicitur
210 1805 441 1902 χιλιοιλύναμις
469 1809 575 1874 Galen.
606 1811 642 1874 de
669 1811 771 1894 Simpl.
801 1813 880 1879 Med.
904 1812 983 1876 Vlll.
1014 1812 1073 1894 29,
1102 1813 1172 1878 166.

69 1917 109 1981 Τ.
125 1914 196 1979 Xll.
219 1914 321 1977 Diosc.
341 1915 414 1978 Mat.
434 1912 486 1976 lV.
510 1911 543 1989 8,
568 1911 642 1975 511.
666 1911 759 1976 latino
781 1914 1024 2000 oliliodynama,
1048 1917 1101 1979 sed
1122 1916 1176 1981 hu'·

66 2021 122 2106 jus
144 2017 332 2090 accusativus
355 2013 644 2101 10001κρατοίινα,
666 2026 729 2093 ant,
753 2017 780 2081 si
798 2018 876 2081 fonte
898 2019 934 2081 ad
953 2017 1176 2085 similitudinem

71 2121 227 2186 nominum
247 2114 389 2208 Ἁχαιίς,
411 2114 596 2198 Πλαταιίς,
619 2119 772 2200 καλλαΐς,
801 2120 940 2196 deflexit,
969 2113 1177 2207 Κραταιίιλα,

71 2225 125 2290 vel
146 2223 256 2288 omisso
277 2222 339 2285 iota
359 2219 554 2305 Kponoldo,
578 2221 655 2284 siout
675 2221 871 2287 Nicomachus
893 2224 1012 2307 scripsit
1033 2224 1066 2287 in
1088 2225 1175 2290 Phot.

73 2327 150 2391 God.
176 2322 384 2388 CLXXXVII.
412 2320 488 2388 239.
523 2321 644 2385 Ovidius
673 2323 705 2384 in
733 2334 821 2386 sexto
850 2345 921 2387 casu
950 2325 1098 2390 Crataeide
1118 2334 1178 2411 ιι)..

73 2429 107 2493 Si
130 2437 286 2492 accentum
308 2425 488 2509 quaerimus,
512 2423 700 2489 accusativus
716 2420 887 2510 Κράταιιν
909 2426 990 2507 (nam
1011 2428 1102 2510 vulgo
1123 2450 1179 2511 pro

72 2531 196 2596 nomine
218 2529 335 2613 proprio
357 2527 514 2611 accipitur)
541 2535 802 2609 proparoxytonus
824 2536 871 2588 est
892 2526 967 2608 apud
988 2525 1178 2609 Apollonium

69 2644 106 2698 -et
126 2632 338 2716 Aloiphnonem
358 2629 382 2693 l.
407 2627 459 2692 18.
484 2627 726 2714 quemadmodum
748 2626 847 2690 Schol.
866 2627 944 2691 Ven.
962 2628 1008 2696 A.
1031 2627 1105 2692 677.
1133 2625 1176 2698 τοί

72 2739 123 2809 εἰς
150 2722 182 2808 a}
207 2725 353 2820 λήγοντα
383 2727 539 2818 καθαρὸν
564 2726 680 2817 μόνως
703 2727 837 2816 optent
865 2728 1047 2806 ὀξύνεσθαι
1070 2733 1177 2814 θέλει,

72 2840 223 2924 Κριφηΐς
248 2840 323 2915 (sor.
348 2837 510 2922 Κιρραία)
532 2836 688 2919 Βρισηΐς·
724 2830 762 2900 τὸ
786 2833 822 2900 dl
843 2831 1010 2920 Κριίταιις
1035 2836 1091 2901 ἐπί
1114 2837 1177 2903 τοῦ

72 2938 194 3026 καρίοα
222 2938 526 3025 βεβαρατονῆοθαι
555 2936 662 3003 δοκεῖ·
699 2933 785 3027 τοίχα
815 2936 851 3003 dl
880 2935 936 3004 καλ
962 2936 1062 3002 τοῦτο
1092 2937 1176 3022 πρὸς

73 3035 353 3126 α’ντιιλιαστολήν,
382 3061 439 3122 qua
461 3040 529 3123 quid
551 3060 623 3124 opus
644 3040 703 3114 sit,
735 3040 833 3105 minus
854 3037 1001 3120 intelligo.
1046 3039 1122 3104 Nam
1143 3041 1175 3105 in

72 3145 122 3218 Λ.
140 3143 213 3209 597.
237 3143 287 3207 ubi
305 3142 436 3226 loquitur
454 3142 490 3204 de
510 3141 628 3226 Sisyphi
648 3162 723 3205 saxo
745 3138 800 3207 ὅτε
817 3140 935 3226 μέλλοι
953 3133 1059 3226 depost
1076 3140 1176 3231 cinop-

72 3247 226 3339 βαλέειν,
256 3240 328 3311 τότ’
352 3239 611 3330 αποστρέψασκτ
635 3241 804 3328 κραταιίς,
832 3241 1024 3309 Aristarchus
1046 3266 1176 3328 pronon·

75 3351 215 3420 ciandum
237 3358 341 3411 censet
361 3344 446 3413 κατοί
469 3339 646 3432 ααστολήν,
669 3346 724 3409 hoc
746 3357 805 3421 ost,
831 3356 865 3408 nt
885 3345 1057 3416 adverbium
1079 3348 1176 3414 simile

74 3455 128 3530 iis,
152 3472 228 3539 quae
249 3451 282 3514 in
298 3437 333 3522 ῖς
351 3451 442 3512 breve
463 3459 588 3524 exeunt,
610 3445 764 3534 λικριῳίς,
787 3443 967 3534 α’μφοαιλίς,
989 3447 1178 3516 Ptolemaeus

74 3577 152 3622 vero
179 3555 393 3637 interpretatos
421 3561 469 3614 est
494 3545 517 3634 ἦ
542 3548 685 3637 κραταία
712 3542 857 3635 δύναμις
882 3549 945 3616 τοῦ
971 3549 1086 3617 λίθον.
1131 3552 1179 3615 11Ιί

74 3659 169 3724 tacite
194 3655 360 3720 assentitur
380 3652 587 3748 Thangnostus
613 3653 645 3716 in
668 3652 803 3715 Cramcri
824 3652 937 3716 Ancod.
962 3652 1000 3715 ll.
1025 3653 1098 3716 163.
1128 3654 1177 3714 ad-

74 3759 184 3827 verbia
206 3769 341 3844 oxytona
363 3755 396 3818 in
418 3779 446 3829 ις
471 3776 650 3839 componens
674 3752 819 3844 ἐγκττίς,
841 3753 1001 3844 σολικρίς,
1023 3750 1177 3842 λικριρίς,

77 3916 291 3931 -ι---

148 4001 194 4065 11)
215 3996 336 4052 Martiam
356 3998 418 4065 Gap.
438 3995 482 4049 Vl.
504 3995 528 4064 ᾗ.
549 3995 607 4050 ott.
633 3995 713 4048 Solin.
733 3995 764 4049 ll.
784 3996 875 4051 tt.-c.
900 4009 960 4047 oum
979 3990 1105 4044 Oratadda
1119 3993 1176 4061 flu-

40 4094 42 4103 '
77 4091 164 4153 mina,
188 4101 256 4153 quaa
272 4082 374 4153 Scyllae
390 4083 557 4150 odotersut't.
