2506 4492
107 206 178 274 {52
229 108 263 183 ἢ
471 198 792 267 9188Ε5ΤΑΤΙΟ
817 199 863 266 li.
910 218 913 235 ¹

105 410 133 454 s.
151 377 312 472 Ἀπόδος,
333 381 486 466 multoque
506 380 654 446 minorem
673 379 804 466 reperiri
815 338 1003 466 'fitmptioinm
1024 402 1116 468 quam
1137 404 1210 449 cou-

104 489 269 578 positorum
291 506 461 551 numerum.

567 672 697 765 ,ιο
1242 616 1247 693 “

189 797 315 880 Propter
338 793 462 858 eundem
489 800 607 858 oensem
632 793 802 858 nominihus
828 794 944 858 ndditee
971 804 1044 857 sunt
1070 793 1208 858 termina·

104 899 203 964 tiones
225 897 452 982 expressiores,
483 889 585 970 douo,
605 890 715 982 cittii,
763 889 822 983 κη’,
844 894 994 982 dulce,
978 919 1073 1016 pmyop
1064 887 1206 981 '(rnga),

104 996 339 1126 depopoyoi—
361 990 494 1119 δορκὸἔς,
516 995 688 1128 deperiet
749 1008 784 1080 ξ,
805 990 931 1078 πλοισῖς,
954 1020 1107 1088 ποοχας,
1128 1022 1208 1086 προ-

103 1100 181 1180 σάς,
203 1095 329 1192 ῥωγάς,
351 1093 499 1188 ψιοίς-
521 1100 689 1190 arpen),
711 1099 879 1190 οοσοιγίς,
902 1096 1042 1181 ποσά,
1067 1095 1207 1182 α’λκῖς(ιι

103 1208 171 1292 quib
175 1227 209 1269 ns
228 1205 415 1290 segreganda
432 1215 505 1268 sunt
526 1226 601 1291 qnae
620 1204 868 1301 significationem
887 1203 1034 1288 primitivi
1054 1202 1208 1267 immutent

103 1305 263 1398 μαστίχη,
285 1303 433 1395 despope'r
456 1313 532 1390 eto.)
556 1306 722 1391 eliaeque
712 1328 744 1369 ιιι
766 1329 814 1372 ou
834 1317 866 1370 et
885 1330 948 1386 οις,
971 1303 1135 1394 σταγών,
1132 1301 1207 1372 ὀλο

83 1403 286 1500 ’λογωσ“’),
307 1405 604 1496 flosspodoiv²⁴)‚'
588 1435 626 1477 ιω
629 1413 687 1490 ξις,
710 1405 821 1485 οτοέξις
843 1410 928 1526 Hipp.
947 1409 1062 1494 Progn.
1088 1431 1117 1494 p
1131 1405 1205 1475 254

102 1514 138 1577 Τ.
164 1511 201 1576 11.
230 1533 286 1576 nec
307 1533 377 1576 raro
403 1533 456 1595 pro
478 1514 620 1598 cujusque
646 1513 827 1577 necessitate
849 1513 901 1575 uni
924 1512 1045 1596 plures=
1080 1505 1172 1598 ἅμοξ
1198 1559 1207 1588 ,

101 1608 233 1707 οἷμοχή,
257 1608 422 1703 οἵμογμο,
450 1616 526 1700 quod
549 1616 663 1679 exitum
686 1615 775 1679 hebet
795 1616 928 1709 perfectu
953 1615 1075 1700 passivo
1098 1635 1209 1679 uocem·

101 1721 271 1794 modatum3
309 1718 362 1782 sed
385 1740 404 1781 e
429 1718 523 1802 stirpe
551 1719 680 1781 nominis
707 1708 944 1802 propiorafft'tfnt
969 1729 1080 1782 neutra
1106 1714 1208 1801 λίβος,

102 1818 240 1911 σσιλγος,
267 1826 367 1911 dimoc
395 1842 427 1884 v.
451 1820 639 1904 Wesseling.
665 1821 701 1882 ed
724 1820 854 1883 Herode.
878 1818 916 1882 lt.
940 1817 995 1885 96.
1027 1830 1064 1884 ut
1089 1811 1207 1911 edsio,

102 1926 218 2015 ρῆοος,
240 1945 257 1989 u
278 1919 364 2010 βράξ
384 1920 498 2010 ῥὴγος,
520 1941 539 1984 e
561 1921 637 2009 φρίξ
659 1924 752 2009 ῥῖγος
773 1922 882 2006 frigus,
906 1925 942 1986 ab
964 1916 1026 2010 ἅρξ
1048 1924 1135 2004 (arx)
1155 1917 1208 2009 dp·

100 2053 159 2103 οος
184 2040 214 2093 et
237 2021 409 2110 sicema
391 2020 494 2110 attp
519 2017 605 2113 α’λιψ
625 2025 758 2108 (adeps)
784 2023 898 2105 λίπος,
925 2023 1025 2105 λίποι,
1056 2019 1208 2112 αλοιφορ,

102 2125 235 2197 αλιππο
256 2139 292 2193 ut
311 2121 425 2221 ὄππσ,
448 2128 483 2189 de
503 2146 561 2210 quo
584 2126 670 2190 docte
694 2127 834 2191 disseruit
851 2128 1007 2192 Mnetzell.
1027 2126 1066 2192 de
1084 2127 1205 2192 Emcnd

101 2232 217 2318 Theog.
243 2252 271 2315 p
284 2206 349 2297 49
377 2230 413 2293 ab
433 2223 547 2317 dp2⁵p
534 2224 703 2327 )pjpop's'
680 2253 768 2316 οφος
791 2242 822 2294 et
842 2226 916 2317 tipo
939 2241 973 2294 ut
995 2229 1119 2312 cedrea,
1148 2230 1207 2315 qui-

101 2337 157 2400 bus
181 2356 242 2399 non
267 2334 429 2399 detractam
455 2354 522 2397 esse
545 2352 705 2396 consonam
729 2334 847 2399 finalem
872 2333 925 2396 sed
950 2334 1049 2418 potins
1076 2356 1138 2399 non
1161 2335 1208 2399 nd·

102 2438 192 2502 ditem
215 2448 347 2521 arguunt
364 2435 504 2500 similiter
522 2435 682 2499 terminate
702 2435 790 2522 μέλι,
799 2427 928 2520 (λα’κρο,
951 2435 1063 2521 μέθυ,
1084 2424 1205 2543 rideo,

103 2542 181 2627 quod
203 2539 383 2625 elegantius
393 2540 490 2603 visum
514 2560 600 2655 ροισι
621 2535 724 2627 pido}
738 2537 879 2623 (seruis).
921 2538 1090 2603 Masculine
1111 2536 1247 2605 autern

101 2644 185 2708 nuile
212 2643 284 2726 fingi
312 2652 435 2724 potuere
464 2641 522 2704 nisi
551 2650 683 2711 assumta
711 2659 861 2716 consona,
902 2662 959 2724 que
986 2641 1074 2705 verbi
1101 2642 1208 2727 passivi

102 2744 210 2809 tertiae
229 2744 398 2806 formentur
414 2763 560 2826 personae
578 2745 671 2831 ἔποψ
688 2741 853 2829 (Hesyeh.)
866 2779 884 2792 ·
895 2737 1058 2831 ἐπόπτης,
1079 2740 1208 2899 ssdptpff·

1147 2872 1210 2943 “cp
1243 2868 1247 2919 ι

106 2894 314 2918 ---*-”

172 2985 217 3053 22)
234 2982 397 3035 Primitivum
414 2974 484 3053 ἀῖγεο
500 2992 603 3036 veteres
622 2992 648 3036 et
661 2985 787 3051 procellas
805 2986 1014 3053 interpretentur
1030 2995 1058 3039 et
1073 2990 1169 3041 ductus
1184 2995 1210 3040 et

101 3067 134 3125 σι’
152 3070 337 3141 σπινθηρλζσιι
356 3075 401 3122 καὶ
420 3064 533 3124 sicciscos
549 3067 602 3140 mip
625 3070 721 3122 Anecd.
748 3072 841 3138 quibus
860 3080 969 3138 cognata
987 3074 1112 3127 videntur
1132 3071 1209 3130 σ’σσλο

102 3164 130 3209 et
146 3152 275 3209 οἷκσαλοω.

171 3240 218 3304 23)
234 3241 286 3293 Hoc
303 3241 387 3294 Schoi.
402 3243 513 3295 Theocr.
527 3236 582 3295 Vn.
599 3243 657 3294 139.
679 3258 694 3293 n
711 3236 791 3295 verbo
808 3238 911 3296 derivd‘t
928 3241 995 3296 unde
1012 3238 1119 3311 ὅλσλοσ,
1138 3247 1209 3299 ulnlu

103 3322 253 3393 οιὸλολοι,
279 3330 321 3380 cui
340 3329 423 3380 simile
441 3325 536 3382 σαλαΐι
553 3326 670 3383 noscendo
688 3329 798 3399 Hesych.
824 3330 870 3379 se'd
891 3346 994 3383 normae
1015 3334 1209 3386 convenientius

103 3415 171 3467 toret
192 3411 296 3478 ὀλόλυξ.
329 3414 378 3466 Ριο
399 3410 511 3485 Ὀλόφσο
533 3414 621 3469 οἶκτοι
642 3415 709 3466 idem
731 3414 866 3481 scripsisse
889 3417 995 3468 videtur
1019 3413 1149 3490 σ’λόφοξις
1170 3418 1210 3473 vei

102 3501 184 3566 magis
202 3517 235 3552 er
253 3502 342 3553 ordine
359 3503 494 3553 literarum
512 3497 662 3570 ὀλόφυρσις.

120 3653 123 3661 Ι
171 3588 216 3653 24)
240 3587 381 3656 Hesychius
403 3580 544 3658 Terpe‘dmv
561 3580 667 3652 ὅροισι·
695 3594 765 3637 certe
781 3579 917 3660 σετροδῶσ
937 3589 1102 3642 scribendum
1120 3596 1162 3643 eet
1175 3590 1210 3643 -ut

102 3669 265 3745 βαβραὸολν,
283 3663 388 3741 οἷηδσλν,
407 3668 527 3740 χελιδών.

172 3760 218 3823 25)
235 3759 287 3809 Hoc
303 3760 365 3810 mihi
383 3760 477 3810 elicere
495 3759 567 3809 visus
585 3760 641 3808 suin
659 3774 692 3808 cx
708 3759 790 3809 lutino
808 3774 882 3824 seps,
901 3775 1043 3826 superum,
1062 3765 1210 3830 otpertum

104 3843 232 3908 Virgilius
255 3845 322 3895 dixit
344 3849 436 3894 temere
458 3860 545 3911 sepem
566 3845 683 3911 proprie,
709 3851 740 3895 ut
757 3845 877 3906 videtur;
908 3849 1011 3914 nsepio
1029 3864 1093 3901 vero
1113 3850 1211 3916 sepelit

104 3932 221 3982 ducimus
244 3938 275 3981 ut
292 3945 308 3979 ιι
326 3931 413 3980 concio
431 3930 552 3992 concilio,
579 3931 657 3981 ardeo
677 3931 774 3981 erdelio
796 3924 990 4003 (deppouppds)
1013 3942 1041 3985 et
1060 3916 1217 4003 sepulcrum·

105 4017 131 4067 id
150 4025 190 4067 est
207 4011 286 4084 σηκός
302 4024 411 4083 septum.
447 4021 532 4083 Atque
554 4017 623 4067 houd
646 4017 699 4067 scio
723 4031 755 4068 en
778 4017 888 4070 latinum
911 4034 976 4086 ops,
1001 4032 1101 4090 coops,
1126 4024 1209 4092 ceptis,

106 4103 220 4156 nativam
237 4103 356 4155 ostendat
373 4103 459 4168 graeei
477 4097 568 4174 ‹ipsi-ot
586 4101 701 4154 sormam.
