2506 4492
214 146 218 153 ’
299 165 358 229 uu
386 163 551 230 nourr.
583 165 754 297 ucups.
778 166 824 231 c.
848 168 900 234 ru.
931 172 960 255 p.
982 170 1015 236 ι.
1124 177 1188 243 rur

74 346 133 424 29,
156 343 233 412 273.
258 343 310 410 Vl.
334 343 388 422 66,
410 342 486 409 368.
512 345 551 408 cl.
574 343 708 412 Ellendt.
731 347 808 412 Lex.
831 348 922 434 Soph.
947 349 984 412 T.
994 348 1019 414 l.
1042 350 1118 417 837.
1134 376 1188 418 ne-

75 470 135 536 que
157 447 370 533 appellativum
391 449 489 512 solum
512 449 677 513 sedetiam
699 453 852 536 proprium
874 474 904 517 v.
929 453 1037 518 Lehrs.
1062 456 1098 518 de
1119 457 1194 520 Ari-¹

75 551 191 618 staroh.
216 573 245 635 p.
255 549 331 616 300.
355 552 461 634 quibus
483 551 584 614 addam
607 573 729 616 casuum
752 565 920 618 ceterorum
943 538 1099 642 exemp-lar
1126 558 1189 625 τοῦ

75 655 210 723 ἰκτῖνον
231 653 360 716 Aristot.
383 653 489 717 blirab.
515 675 543 717 c.
568 653 739 720 CXXXlll.
763 656 848 721 Paul.
873 659 951 743 Aeg.
969 658 1035 722 Vll.
1059 658 1093 739 3,
1108 658 1186 726 241.

77 757 191 842 Geopp.
226 754 311 820 Xlll.
347 754 380 832 8,
406 753 438 819 8.
462 755 507 844 τῷ
537 756 651 847 ἰκτίνῳ
687 757 839 822 Plutarch.
871 759 969 847 Gryll.
999 760 1079 827 Vlll.
1107 761 1186 830 223.

75 862 113 926 Τ.
128 860 215 924 Xlll.
242 859 312 926 τῶν
334 859 472 927 ἰκτίνων
491 859 632 944 Apollon.
667 861 759 947 Dysc.
775 863 852 927 Hist.
878 885 906 927 o.
929 864 973 927 X.
997 859 1078 937 cotie
1100 863 1187 932 ἰκτί-

75 987 160 1038 νοος
194 963 278 1026 Stcb.
314 961 396 1025 Flos.
425 961 496 1025 XV.
531 961 591 1039 10,
627 963 703 1030 293.
758 966 809 1028 Ex
840 966 931 1031 tertia
964 966 1183 1032 declinationez

73 1067 137 1135 τοῦ
160 1071 289 1137 ἰκτῖνος
316 1101 359 1112 -
376 1060 447 1131 ,τὸν
475 1068 588 1133 ἰκτῖνοι
615 1067 728 1130 Julian.
756 1067 864 1152 Misop.
888 1065 963 1132 366.
987 1069 1025 1133 Α.
1050 1074 1084 1136 οἱ
1105 1073 1187 1138 ἰκτῖ-

74 1191 130 1234 nes
152 1170 283 1232 Pausan.
307 1178 339 1231 et
358 1167 478 1231 Aelian.
502 1189 534 1233 v.
557 1167 664 1232 Jacobs
682 1171 719 1233 ad
739 1171 808 1233 Ael.
832 1169 930 1254 pta,
950 1170 1005 1238 24.
1030 1195 1106 1256 quae
1130 1174 1185 1238 tri-

74 1273 148 1358 plex
178 1272 275 1335 forma
301 1271 334 1332 in
362 1291 423 1333 uno
449 1270 603 1356 Sophoclis
632 1271 699 1336 loco
727 1273 863 1337 affertur.
910 1273 991 1339 Haec
1014 1287 1114 1340 autem
1136 1298 1185 1342 ac·

75 1385 183 1439 centus
204 1373 407 1437 inconstantia
438 1385 607 1457 suspectam
633 1375 731 1438 reddit
752 1376 885 1440 Platonis
915 1389 946 1442 et
974 1379 1184 1463 Aristophanis

72 1479 255 1561 scripturam
277 1478 407 1548 ἴκτινο,
438 1476 487 1559 qui
510 1477 536 1539 si
559 1480 670 1543 ἰκτῖνοι
693 1479 870 1542 extulerunt
892 1492 926 1543 ut
947 1478 1107 1568 δελφῖνα,
1130 1482 1184 1546 illa

71 1578 261 1664 metaplasmi
281 1578 412 1663 suspicio
433 1577 631 1642 vehementer
654 1579 866 1660 labefactatum
898 1603 967 1645 nam
988 1584 1015 1646 is
1038 1586 1184 1651 accusati·

70 1703 130 1749 vus
153 1692 239 1746 recta
260 1680 453 1745 descendite
474 1681 569 1764 primo
591 1679 765 1748 inclusive
787 1683 884 1759 ῖκτίς,
908 1687 985 1768 quod
1008 1686 1114 1752 Critici
1136 1710 1184 1753 re·

71 1788 240 1852 stituerunt
260 1782 411 1870 Hesychia
433 1799 487 1868 pro
498 1775 606 1858 Ἰκτός
626 1785 940 1875 ἰκτένοςΠεργοιῖοι.
985 1789 1025 1852 Et
1038 1789 1181 1856 inGloss.

74 1887 248 1957 Graecolat.
264 1887 330 1952 sine
351 1889 524 1952 accentibus
539 1892 625 1955 ἷκτιν
639 1891 709 1976 Ιιῖοοι
721 1888 827 1973 jugit.
851 1889 915 1955 Neo
928 1902 1085 1975 praeterea
1097 1893 1181 1975 quid·

72 2014 161 2078 quam
188 1991 264 2054 certi
294 2012 349 2075 pro
376 1989 433 2054 hac
461 2012 551 2055 causa
579 1992 716 2056 affertur.
778 1991 854 2056 Nam
883 1989 1029 2072 Δωδών,
1057 1991 1181 2081 6ομίν,

73 2096 133 2160 etsi
155 2112 301 2178 nusquam
324 2086 475 2177 nepesin
497 2094 609 2158 nostris
637 2094 781 2180 leguntur
802 2094 885 2159 libris
908 2118 1004 2181 neque
1027 2097 1182 2163 Gramma·

72 2199 141 2263 ticis
163 2198 382 2273 innotuerunt,
412 2207 513 2259 tamen
534 2218 588 2280 per
609 2218 643 2261 se
664 2199 737 2261 adeo
759 2198 834 2262 nihil
861 2200 1035 2264 offensionis
1057 2201 1180 2278 habent,

72 2313 234 2389 uteorum
258 2298 554 2385 praetermissionem
575 2300 729 2362 fortuitam
749 2301 848 2383 potius
870 2323 956 2385 quam
979 2306 1181 2368 necessariam

68 2405 251 2490 judicemus.
294 2401 340 2465 Ac
366 2403 496 2465 sortasse
519 2401 565 2465 illi
592 2401 668 2485 ipsi,
699 2401 748 2485 qui
770 2400 870 2480 ἰκτίν,
895 2401 1021 2471 Acidula
1049 2417 1081 2469 et
1109 2407 1182 2470 talia

70 2511 264 2594 rejecerunt,
294 2526 356 2567 nou
383 2505 445 2567 ullo
475 2502 698 2588 peregrinitatis
728 2505 820 2567 odore
842 2506 1026 2581 ductisunt,
1050 2507 1103 2569 sed
1125 2505 1182 2569 hoc

71 2609 277 2676 tantummodo
306 2628 413 2672 cavere
436 2605 610 2680 voluerunt,
635 2626 673 2668 ue
696 2607 890 2682 nominativi,
922 2628 1047 2691 quorum
1074 2619 1182 2672 auctor

71 2713 175 2778 nullus
197 2721 294 2790 extat,
317 2732 371 2794 pro
394 2708 512 2774 usitatis
534 2708 684 2792 vulgoque
705 2709 836 2792 probatis
857 2677 1180 2796 recipianturfqucm-

72 2817 229 2880 admodum
251 2814 337 2877 hodie
359 2812 452 2877 latine
473 2812 640 2876 scribentes
663 2811 856 2876 nominativis
878 2834 996 2876 caccus
1011 2815 1178 2899 (nucleus),

72 2918 195 2995 verber,
209 2916 315 3002 foca,
341 2937 396 3000 ops
418 2927 449 2978 et
470 2916 537 2979 aliis
550 2915 732 2979 abstinemus
755 2925 789 2978 ut
809 2917 1001 3000 incompertis
1023 2928 1180 3000 ratumque

73 3020 216 3084 babemus
246 3019 323 3104 quod
355 3028 444 3082 vetus
476 3018 617 3082 admonet
638 3018 783 3101 magister
804 3018 904 3082 Schol.
929 3018 1007 3083 Ven.
1030 3018 1077 3088 A.
1101 3018 1177 3083 395.

72 3118 218 3188 εὐθεῖαν
248 3119 298 3207 μή
330 3117 522 3207 εὑρημένην
551 3117 782 3188 apostolocae
803 3113 937 3206 εὔηθες.
981 3120 1016 3186 ln
1038 3141 1095 3205 quo
1118 3122 1181 3185 for·

71 3236 154 3288 tasse
185 3223 273 3287 nimis
302 3223 469 3308 scrupulosi
502 3227 635 3288 fuerunt.
688 3222 789 3287 Schol.
818 3223 904 3288 Arat.
937 3221 990 3288 78.
1023 3219 1182 3314 dcpdpupcc

73 3323 152 3394 ιῖντὶ
172 3325 236 3391 τοῦ
259 3325 450 3416 ὃιχομηνῳ·
468 3323 509 3391 od
523 3324 574 3392 dat
592 3325 632 3393 δὲ’
644 3326 714 3393 τοῖν
735 3326 994 3414 μετοτλιιομῶν
1017 3329 1103 3411 (fort.
1120 3354 1181 3414 με·

72 3428 292 3514 τοπλοιστῶν)
319 3427 380 3504 τοὶς
408 3427 547 3502 εὐθείας
575 3434 742 3517 ἐπιζητεῖν
771 3424 878 3516 ὥςπερ
900 3425 1017 3496 καὶτὸ
1041 3424 1180 3522 ἕροοοὶρ·

71 3555 197 3618 ματες,
218 3553 293 3615 quae
310 3532 429 3597 Orionis
445 3553 561 3617 quoque
582 3545 629 3597 est
649 3534 799 3597 sententia
815 3531 909 3617 p.27,
923 3532 977 3602 29.
993 3528 1072 3600 ctat
1091 3531 1178 3602 ccccl

70 3632 322 3721 μετοπλοιομόν
345 3632 397 3709 cir'
411 3631 576 3725 dcpdpspuc,
599 3635 667 3700 aliis
691 3636 909 3721 ambigentibus
928 3637 1177 3721 metaplastumne

72 3739 109 3803 sit
132 3758 174 3800 an
195 3758 324 3822 apocope
342 3739 482 3804 affectum
495 3759 537 3802 ex
559 3731 750 3828 ὃιχομηνιδι
763 3739 916 3825 EtymM.
931 3738 1007 3816 280,
1016 3741 1049 3807 2.
1059 3733 1175 3803 Anecd.

68 3837 206 3926 η.1226.
230 3840 349 3905 Etenim
360 3865 448 3927 quum
457 3834 638 3932 διχόμηνος
654 3854 684 3907 et
701 3835 875 3932 διχόμηνις
888 3864 1029 3927 persaepe
1043 3840 1178 3905 invenis·

67 3956 138 4009 sent
153 3945 317 4027 eademque
334 3947 433 4029 specie
453 3959 555 4011 cetera
569 3948 604 4010 ab
618 3945 675 4008 boc
692 3946 814 4010 nomine
836 3947 996 4030 composita
1013 3936 1176 4029 ἠλιτόμη-

64 4071 138 4126 νθς,
157 4045 315 4133 ὃίμηνος,
329 4041 524 4138 πάμμηνις,
541 4045 748 4138 τριτόμηνις,
772 4047 886 4114 nullum
908 4059 1007 4112 autem
1025 4045 1102 4130 quod
1115 4045 1177 4110 for·
