2506 4492
152 170 162 193 '
250 173 310 241 DE
338 172 501 242 11011111.
529 173 702 243 nodos.
735 172 819 242 c.1.
850 177 879 262 ἕ.
903 176 985 244 11..
1100 176 1166 247 113

50 355 142 432 irent,
160 366 195 420 ut
214 375 250 420 ea
266 356 412 420 duntaxat
426 346 464 419 ad
485 355 701 440 explanandam
722 357 953 442 compositorum
973 359 1166 446 originem'ct

51 457 226 544 analogiam
253 457 340 542 tingi.
355 469 507 543 appareat,
539 458 629 522 sicuti
650 460 797 543 adjectivo
819 455 1013 552 παραβλσίψ
1036 464 1165 550 simplex

50 560 259 648 praestruitur
278 551 380 647 βλσίψ
402 581 420 623 a
440 558 557 648 βλέψω
578 583 611 624 v.
639 561 743 624 Orion.
762 583 790 646 p.
808 561 861 626 86.
885 563 997 629 Zonar.
1013 566 1035 630 1.
1055 589 1082 630 c.
1102 580 1161 632 etc.

50 663 439 748 Declinationis'regulam
467 664 557 726 tradit
580 661 758 748 Ano'nymus
780 664 943 750 Schedogr.
967 690 997 752 p.
1021 666 1095 733 335.
1126 670 1163 734 Τ.

51 767 107 832 111.
121 766 239 832 Αοεοδ.
257 765 403 829 Βοὶεεοιιι
433 760 476 832 τοί
498 769 546 838 εἷς
566 780 596 851 ψ
617 762 672 831 ded
694 766 757 832 uod
780 792 807 833 rr
828 761 977 835 ιιλίνεται
997 768 1088 856 πλην
1102 772 1165 840 τοῦ
1221 798 1223 803 ’

51 867 118 956 λίψ
141 866 160 936 c‘
184 862 327 954 σ’ίνεμος,
356 865 421 955 νίψ
441 864 465 954 η’
486 865 604 953 κρήνη,
634 864 712 954 ψσίψ
738 869 796 936 ναί
817 869 919 957 φλέψ,
950 874 1027 954 quod
1049 895 1166 940 mascu-

51 972 116 1038 line
155 970 329 1036 enunciavit
361 970 489 1036 Nonnus
518 968 641 1033 XLVII.
673 970 747 1034 111.
787 972 908 1060 φλέβες
943 972 1164 1055 οἰδαίνοντες,

50 1076 178 1161 ipsaque
199 1073 372 1138 terminatio
395 1073 514 1156 utrique
531 1072 636 1157 generi
653 1074 767 1158 pariter
782 1086 861 1160 apta.
907 1075 1164 1163 Diphthongorum

50 1176 280 1262 inquisitionem
303 1175 389 1239 nobis
410 1174 539 1239 remittit
559 1175 661 1261 Etym.
685 1176 728 1240 Μ.
751 1175 827 1254 481,
851 1178 882 1242 3.
916 1175 959 1245 τοί
981 1183 1029 1253 εἰς
1049 1167 1083 1266 ψ
1100 1178 1165 1267 τήν

51 1278 249 1366 δίφθογγον
278 1271 543 1367 ἀποστρέφεται,
577 1298 674 1361 neque
706 1279 832 1343 multum
862 1282 1002 1364 ponderis
1037 1283 1166 1348 tribuam

51 1380 392 1468 Hesychiitestimonio
417 1377 530 1467 Σνοίψ
552 1371 665 1466 ψσίρα,
687 1402 762 1464 quae
784 1383 992 1468 interpretatio
1015 1392 1082 1448 cuin
1096 1406 1166 1462 sca·

51 1483 132 1560 brer,
155 1479 270 1562 κνύζα,
293 1483 443 1568 congruit.
489 1482 523 1545 ln
546 1469 601 1570 ηψ
624 1484 824 1547 ,terminatum
849 1507 941 1548 unum
963 1487 1060 1550 solum
1082 1489 1166 1552 inda·
1221 1483 1225 1489 ’

53 1586 194 1673 gerimus
216 1577 306 1672 σήψ,
337 1586 414 1670 quod
437 1585 488 1648 ubi
517 1585 703 1669 putredinem
725 1587 874 1669 significat
895 1588 973 1651 idem
995 1610 1091 1673 genus
1114 1590 1167 1655 he·

53 1691 108 1753 bet
130 1688 207 1780 quod
230 1708 380 1774 paragoga
403 1687 518 1776 σῆψις,
542 1683 707 1773 σηπεδοίν.
746 1688 831 1772 Apud
844 1690 1063 1774 Hippocratem,
1087 1695 1165 1757 unde

50 1791 217 1856 Erotianus
230 1812 259 1875 p.
275 1789 362 1856 324·
375 1791 474 1866 affert,
499 1790 586 1854 hodie
609 1811 670 1853 non
691 1791 853 1873 reperitur,
877 1793 930 1855 sed
946 1792 1050 1856 Dioso.
1066 1793 1090 1857 l.
1106 1791 1163 1871 68,

54 1892 110 1959 73.
135 1889 310 1982 εὐχρηστεῑ
330 1896 378 1967 εἰς
400 1889 462 1966 cde
486 1892 608 1979 σηπας.
654 1892 808 1976 Serpentis
837 1914 965 1970 nomen,
997 1898 1081 1980 cujus
1111 1919 1166 1960 no-

52 1996 220 2062 minativus
241 1996 352 2081 legitur
375 1995 463 2060 Paus.
486 1994 565 2060 Vlll.
589 1994 623 2073 4,
646 1995 678 2058 4.
701 1996 848 2060 Αειεωίδ.
867 1995 903 2058 ll.
930 1995 983 2075 13,
1008 1997 1081 2064 164.
1105 2000 1165 2064 Ae·

52 2099 126 2163 lian.
149 2098 189 2162 ll.
216 2099 298 2163 Auru.
322 2097 406 2162 XVl.
438 2096 493 2162 40.
523 2097 688 2162 masculine
717 2097 828 2162 dicitur
849 2099 978 2164 Aristot.
1001 2101 1109 2166 Mirab.
1134 2125 1162 2167 c.

53 2200 130 2266 164.
154 2201 298 2266 feminine
321 2199 421 2263 Schol.
446 2201 483 2263 ad
504 2199 572 2264 Nic.
596 2200 687 2264 Ther.
713 2199 787 2264 517.
819 2203 981 2290 cademque
1009 2204 1043 2267 in
1070 2207 1165 2270 latino

52 2303 388 2481 sermorpejffrersitas.
434 2300 514 2365 ldem
543 2313 594 2366 aut
624 2303 720 2366 simile
749 2324 858 2366 nomen
880 2304 1016 2372 Zonarae
1038 2309 1165 2372 redden-

54 2409 125 2472 dum
147 2429 166 2455 ι’
231 2398 327 2493 Palpo,
350 2399 463 2490 ὄνομα
484 2399 578 2485 ζαίον,
600 2404 651 2468 ubi
673 2404 706 2468 in
728 2405 793 2468 cod.
817 2405 896 2488 Aug.
920 2405 986 2493 ῥίψ
1006 2410 1162 2494 scriptum.

52 2545 98 2560 -·-
125 2462 361 2574 ferminationis
389 2496 432 2594 [p
460 2509 519 2572 tria
549 2507 686 2590 exempla
710 2505 821 2589 promit
840 2507 941 2591 Etym.
964 2507 1006 2569 M.
1031 2530 1060 2592 p.
1087 2509 1162 2586 568,

53 2611 108 2678 13.
144 2609 207 2695 λίψ
234 2608 394 2698 σημαίνει
422 2607 483 2676 τὸν
512 2605 645 2694 σίνεμον
672 2611 730 2676 καί
758 2605 822 2693 την
852 2602 960 2694 ἧτταν
994 2608 1088 2697 rcapti
1124 2610 1164 2679 τὸ

51 2712 159 2784 λείπω
188 2714 246 2781 καί
273 2711 338 2800 την
365 2709 490 2802 λιβσίδα
516 2709 610 2797 παροί
638 2709 677 2777 cd
698 2708 817 2798 λείβω·
849 2710 945 2799 ανίψ,
968 2706 1087 2802 ιινιφός
1107 2715 1165 2783 καλ

52 2810 187 2900 urende,
209 2814 294 2903 Νίψ
315 2815 422 2904 νιβός,
445 2810 559 2903 ὄνομα
579 2809 714 2903 κρήνης,
735 2826 863 2900 quatuor
874 2813 1019 2882 Arcadius
1039 2840 1068 2902 p.
1087 2818 1162 2896 126,

53 2919 109 2986 19.
141 2921 184 3008 ἲψ
212 2911 394 3005 ὄσκοίληξ,
424 2917 503 3006 λίψ,
524 2916 590 3006 νίψ
619 2913 732 3006 ὄνομα
760 2918 898 3004 κνίσσης
927 2917 1081 3006 (κρήνης)
1106 2921 1164 2990 καλ

50 3020 152 3109 ανίψ.
195 3022 356 3088 Prosodiae
379 3043 434 3084 nos
457 3023 601 3086 certiores
626 3024 698 3086 lacit
710 3022 808 3085 Draco
824 3043 853 3105 p.
870 3018 924 3096 53,
945 3019 997 3084 16.
1022 3032 1053 3085 et
1067 3023 1162 3108 Regg.

52 3126 145 3192 Pros.
168 3145 201 3188 n.
221 3123 275 3190 66.
306 3123 349 3192 τοί
371 3128 417 3198 εἰς
438 3110 481 3211 ὦ
500 3123 747 3217 μονοσύλλαβα
767 3118 902 3208 μακρὸν
923 3126 989 3211 ἔχει
1008 3122 1047 3190 το“
1064 3111 1090 3191 ἶ
1107 3126 1164 3193 ἐπί

10 3252 12 3267 ²
52 3226 134 3316 ὅλης
160 3226 222 3314 τῆς
249 3227 400 3305 κλίσεως,
429 3223 479 3293 διὰ
508 3225 532 3313 ἦ
559 3225 653 3317 λιβὸς
677 3225 791 3316 percep*
819 3222 1006 3311 σημειώδης
1032 3222 1085 3294 ὅτι
1106 3251 1163 3294 σν·

53 3332 240 3399 στέλλεταιι
283 3330 314 3394 ld
339 3330 538 3394 certissimum
561 3343 608 3395 est
632 3333 668 3394 dc
689 3330 809 3393 nomine
832 3328 917 3391 venti
932 3327 1058 3415 Libyci,
1086 3331 1164 3414 quod

53 3438 110 3511 οὲ-
130 3434 252 3519 generis
281 3433 459 3507 masculini3
491 3433 640 3510 feminini,
671 3433 747 3516 quod
777 3430 828 3494 ille
850 3429 949 3505 affert,
981 3452 1048 3494 cum
1069 3435 1162 3497 verbo

51 3536 160 3607 λείποι
184 3537 304 3621 cognati
325 3536 571 3600 inclinameutum
593 3533 707 3605 nullum
729 3533 891 3617 reperitur,
915 3553 972 3597 nec
992 3534 1088 3618 magis
1110 3534 1163 3598 ho·

52 3639 204 3725 monymi‚
234 3640 310 3723 quod
339 3638 506 3723 Hesychius
535 3659 553 3702 e
580 3637 702 3701 latebris
728 3635 887 3698 vetustatis
908 3637 1058 3720 protraxit
1084 3635 1162 3721 Λίψ

53 3742 243 3830 ἐπιθυμία,
276 3743 362 3827 cujus
390 3739 440 3823 qui
468 3741 566 3805 flexus
594 3740 686 3804 luerit
707 3759 749 3801 ex
770 3737 864 3801 latino
889 3738 968 3801 lidco
990 3737 1090 3822 colligi
1111 3759 1161 3820 po·

10 3842 12 3846 '
55 3856 127 3910 lest.
175 3843 233 3908 Sed
255 3845 332 3927 quod
344 3843 423 3906 addit
439 3842 605 3928 Hesychius
626 3841 683 3909 ιιαλ
703 3840 809 3928 πέτρα
831 3834 890 3927 αἶψ’
910 3833 951 3926 ἧς
971 3837 1060 3929 ὕδωρ
1079 3834 1163 3913 στοί-

54 3952 113 4029 ζει,
133 3969 153 4015 a
173 3947 269 4012 verbo
290 3945 391 4032 λιίβω
416 3945 548 4021 ductum,
574 3945 661 4020 ,unde
685 3942 777 4006 latina
799 3943 882 4029 liquo
904 3953 938 4005 et
958 3943 984 4005 λ’
1028 3940 1162 4026 (germa-

55 4050 157 4114 nicum
185 4047 313 4133 Longe)
344 4047 462 4134 saepius
490 4047 604 4134 legitur
633 4067 695 4112 non
724 4046 760 4109 de
789 4045 856 4110 loco
885 4044 1001 4128 quidem
1029 4044 1082 4109 sed
1103 4054 1163 4132 pro

86 4151 199 4208 mmm.
218 4151 343 4219 Parolc'p.
500 4179 502 4183 ·
934 4143 960 4208 8
1024 4172 1027 4178 ·
