2506 4492
268 190 327 255 ur
358 187 524 257 uounu
547 188 724 295 nouos
750 190 787 257 u.
809 192 834 255 t.
863 194 891 276 ς.
915 193 947 258 ε.
1113 197 1163 265 aa

47 380 250 459 praeceptum
279 368 378 470 Schol.
405 368 442 434 ll.
471 370 495 432 l.
526 392 553 434 c.
585 369 682 437 πᾶσιν
709 370 878 458 areanum}
902 369 1162 464 μονοσύλλαβοι

49 471 310 559 ἀποστρέφεται
337 470 402 558 τήν
432 469 559 551 ὀξεῖαν,
599 494 691 556 quare
721 475 809 538 ctiam
838 476 929 542 κλεῖν
958 478 1100 541 scribitur
1130 491 1163 544 et

52 580 149 646 θεῦν
166 573 233 661 τήν
253 574 356 641 θέσιν
377 596 438 638 scr.
461 574 526 658 τήν
546 568 633 639 θεόν
653 576 761 638 Arcad.
785 599 814 660 p.
840 577 919 653 130,
943 578 996 643 20.
1027 583 1160 663 quamvis

53 680 154 745 acutis
176 677 370 742 nominativis
382 681 440 754 ²⁴).
476 676 532 739 Sed
554 677 709 759 quaeritur
730 690 872 742 accentus
894 681 1088 759 nominativi,
1112 685 1163 768 qui

55 784 144 846 motio
162 783 215 854 λῖς
233 779 375 844 scribitur
391 779 511 842 Hesied.
530 778 613 843 Scut.
630 778 704 844 172.
729 781 792 859 (uhi
807 780 884 844 Ven.
902 779 966 865 λίς)
989 794 1019 846 ει
1033 784 1160 850 Theocr.

51 883 161 961 XXV.
180 882 256 948 202.
277 880 354 946 211.
374 879 449 946 232.
476 882 541 944 sive
562 883 630 955 λεῑς
653 882 731 946 Gell.
750 882 789 946 N.
808 885 846 946 A.
867 882 950 946 Xlll.
973 884 1005 963 7,
1027 885 1057 950 5.
1084 887 1163 953 sieut

56 985 251 1051 Aristarchus
274 981 343 1073 ρείς
365 994 396 1046 ει
415 981 492 1056 θείς
513 984 672 1070 scripsisse
694 985 803 1048 dicitur
824 986 925 1070 Etym.
951 985 1027 1050 Gud.
1052 1010 1081 1072 p.
1106 988 1161 1067 30,

57 1088 112 1154 18.
142 1088 254 1171 magis,
285 1098 374 1169 puto,
405 1086 561 1170 prosodiae
584 1108 673 1149 causa
699 1089 746 1164 (ut
766 1091 908 1177 χρεῑσαι)
935 1110 1021 1172 quam
1043 1102 1164 1174 propter

56 1202 162 1277 etyma
183 1189 214 1251 in
236 1188 346 1251 scholis
369 1189 476 1250 tradita
498 1192 570 1277 ῥεῖν
592 1200 623 1251 ει
638 1196 731 1268 θεῖν,
753 1191 839 1253 modo
859 1191 948 1253 etiam
967 1189 1017 1265 λίς
1033 1192 1160 1257 Theocr.

57 1292 141 1358 Xlll.
167 1290 220 1354 tit.
246 1301 277 1353 et
298 1288 351 1354 62.
378 1290 499 1374 Oppian.
524 1290 602 1377 Cyn.
628 1289 679 1353 Ν.
704 1288 756 1354 80.
781 1291 811 1354 in
834 1292 1064 1370 Theodotionis,
1088 1317 1163 1379 quae

58 1396 168 1460 dicitur
188 1393 330 1458 versione
351 1392 417 1456 tob.
437 1392 488 1456 Ν.
510 1392 561 1455 11.
587 1393 682 1456 Oscae
697 1392 735 1456 V.
759 1392 810 1456 1-1.
837 1393 965 1478 Gregor.
984 1396 1083 1459 Carm.
1104 1397 1160 1461 IX.

57 1521 85 1583 p.
110 1495 169 1561 70.
192 1496 227 1557 Β.
257 1493 341 1557 ΧΝ.
366 1515 394 1578 p.
419 1492 473 1557 88.
499 1494 534 1557 C.
564 1495 632 1557 LX.
658 1492 730 1558 139.
755 1494 792 1557 A.
826 1496 908 1558 Suid.
933 1519 959 1560 s.
984 1497 1015 1560 h.
1039 1521 1070 1562 v.
1102 1509 1161 1563 etc.
1190 1475 1203 1488 ⁶

59 1620 186 1685 quorum
213 1595 285 1660 illud
312 1596 449 1680 probavit
469 1596 613 1659 Aeschrio
640 1597 691 1669 λῖς
717 1598 869 1673 scribens,
900 1598 1026 1682 primum
1052 1610 1085 1664 ut
1107 1601 1163 1664 hoc

59 1713 186 1767 accentu
209 1699 401 1762 diducerctur
424 1698 460 1761 ah
482 1698 629 1781 adjectivo
650 1696 716 1777 tta,
749 1698 854 1761 deinde
876 1713 997 1784 propter
1017 1704 1164 1766 accusati-

59 1827 128 1870 vum
150 1806 220 1883 λῖν,
243 1823 366 1886 quarum
387 1799 537 1864 rationum
560 1801 642 1884 prior
662 1798 765 1885 parum
786 1800 901 1876 valida,
931 1802 1026 1865 altera
1047 1804 1164 1867 levissi-

59 1929 106 1972 ma
134 1917 194 1972 est.
239 1903 431 1968 Aristarchus
459 1913 558 1965 autem
587 1901 637 1977 λίς
665 1903 842 1966 assimilavit
869 1905 914 1989 τῷ
942 1902 993 1978 νίς
1021 1904 1076 1971 καὶ
1104 1903 1164 1978 alc

58 2010 112 2078 sul
133 2007 203 2099 ῥίς,
230 2004 395 2093 καίτοιγε
418 2000 584 2091 διαφόρως
605 2006 750 2071 ulterius
771 2004 855 2092 πρὸς
875 2004 914 2072 τὸ
936 2006 986 2081 λίς
999 2006 1062 2093 2⁵),
1089 2028 1163 2090 quae

59 2111 229 2177 differentia
256 2130 317 2172 non
344 2108 474 2193 pertinet
496 2109 532 2170 al
553 2105 614 2181 νίς.
657 2108 746 2192 ldque
775 2130 866 2172 unum
895 2111 932 2173 ad
960 2110 1164 2194 probationem

59 2215 194 2289 confert,
226 2211 332 2297 quippe
357 2221 388 2273 et
409 2217 520 2294 genere
545 2221 576 2272 et
600 2210 797 2274 declinatione
827 2223 857 2274 et
881 2213 994 2277 vocalis
1017 2212 1165 2277 mutabili*

60 2328 121 2382 tate
134 2316 185 2399 ²⁶)
209 2335 275 2378 cum
295 2311 345 2386 tta
365 2313 498 2397 perfecte
520 2333 708 2395 congruens3
738 2335 773 2376 ac
793 2314 887 2377 miror
907 2336 960 2377 cur
973 2315 1165 2379 Aristarchus

61 2440 121 2482 uon
141 2417 248 2482 satius⁴
261 2416 382 2480 duxerit
407 2414 463 2478 hoc
485 2437 545 2478 uno
567 2415 623 2477 niti
645 2413 808 2488 vocabulo,
840 2416 924 2498 eujus
946 2427 1088 2479 accentus
1110 2416 1165 2477 mi·

60 2522 139 2586 nime
162 2529 377 2584 controversus
400 2520 545 2600 erat2⁷)‚
576 2538 662 2598 quam
689 2516 862 2578 dicatalecta
886 2515 940 2576 ille
963 2519 995 2577 in
1018 2516 1165 2578 auxilium

60 2644 188 2699 vocare,
227 2640 300 2704 quae
326 2641 344 2682 a
368 2616 419 2691 λίς
443 2628 558 2681 tantum
583 2617 710 2694 distant,
741 2627 883 2702 quantum
910 2607 997 2691 πούς
1024 2639 1042 2682 a
1068 2617 1165 2705 βοῦς.

126 2870 174 2931 21)
191 2867 245 2923 Mt
261 2864 311 2922 τδν
325 2864 391 2921 Ζεῦν
407 2868 505 2931 legitur
522 2867 548 2917 in
562 2866 727 2918 Aeschrionis
744 2867 845 2928 iambis,
865 2867 911 2919 scd
928 2868 1058 2934 scriptura
1076 2875 1165 2933 parum

63 2964 135 3008 certa
152 2963 202 3007 est.

43 3048 47 3056 '
129 3041 177 3108 25)
194 3039 228 3092 V.
248 3040 338 3091 Lehrs.
358 3041 390 3090 de
406 3040 551 3089 Aristarch.
571 3055 596 3105 p.
613 3039 673 3095 206.
693 3039 846 3091 Eustathius
865 3054 1000 3105 pronomen
1017 3040 1058 3091 τιί
1075 3037 1166 3107 adjun-

64 3128 116 3192 git,
134 3144 182 3195 pro
199 3143 250 3194 qno
269 3127 420 3193 Spitznerus
438 3126 471 3175 ad
488 3125 517 3175 tt.
533 3124 579 3177 tx.
597 3125 658 3180 att.
678 3125 700 3178 ἴε
717 3126 840 3176 substitui
856 3124 932 3190 juhct
949 3130 980 3174 ut
997 3125 1098 3190 aptius,
1123 3124 1167 3174 sed

55 3204 150 3280 ⁸aptum
172 3219 213 3263 est
233 3220 362 3265 nentrum.
400 3211 428 3261 ln
452 3211 553 3262 Scholio
577 3212 627 3262 isto
649 3209 688 3277 τῷ
711 3207 911 3283 χαρακτῆρι-
927 3207 1045 3264 utiocto.
1068 3211 1169 3262 loborat

68 3299 207 3366 paullulum
226 3299 392 3349 constructio.

130 3385 179 3453 20)
203 3384 245 3436 Sic
263 3385 329 3434 enim
348 3384 467 3434 docemur
484 3384 580 3434 Arcuit.
600 3399 624 3450 p.
646 3382 722 3434 1101.
745 3382 799 3432 iota
817 3383 944 3433 nominum
962 3379 1003 3436 tte
1020 3389 1046 3433 ει
1063 3385 1101 3435 ιιι
1124 3398 1167 3434 ua·

10 3450 16 3517 l
68 3474 189 3524 tonaliter
212 3473 314 3535 longum
333 3485 404 3529 esse,
430 3470 474 3520 scd
492 3469 587 3534 corripi
610 3469 636 3518 in
656 3472 743 3519 tractu
767 3475 793 3517 ct
811 3468 980 3519 declinatione
998 3485 1042 3535 pro
1061 3468 1169 3519 arbitrio

71 3555 371 3623 praememorati.
391 3556 555 3621 adlluphor.
575 3570 600 3619 p.
621 3552 662 3625 18.
690 3554 755 3620 quod
775 3554 797 3603 si
815 3568 906 3604 verum
928 3562 982 3614 cst,
1008 3555 1034 3604 in
1055 3569 1169 3605 sermone

73 3645 151 3696 soluto
172 3647 226 3699 ιιῖει
247 3644 332 3710 potius
351 3642 513 3693 scribendum
537 3655 611 3706 quam
634 3640 830 3706 utceffhcophr.
851 3639 929 3692 Cous.
949 3639 989 3692 Pl.
1009 3637 1053 3691 Ν.
1075 3640 1121 3700 15,
1141 3639 1166 3689 1.

74 3727 180 3780 Ammon.
200 3746 225 3796 p.
246 3729 288 3781 tt.

136 3814 181 3879 27)
206 3814 233 3865 ln
258 3817 353 3866 nostris
379 3822 449 3865 certe
472 3813 547 3863 libris
570 3811 650 3862 multo
674 3812 776 3877 saepius
800 3813 840 3864 ιιιί
862 3810 995 3861 invonitur
1019 3821 1095 3874 quum
1119 3806 1170 3871 κῖε,

80 3900 134 3962 quot
153 3899 327 3965 Goettlingius
345 3900 460 3968 praefert
478 3901 508 3949 dc
525 3899 632 3948 necent.
652 3913 676 3963 p.
697 3899 756 3952 212.
782 3912 926 3964 repugnans
947 3896 998 3944 illis
1017 3891 1170 3942 Grammati-

82 3997 157 4037 mmm
174 3988 342 4047 testimoniis,
365 3988 409 4053 qni
428 3983 687 4037 accentum‘ohnoleti
704 3979 745 4037 tn
761 3983 909 4048 conjectura
927 3977 1100 4047 quaerebant,
1125 3979 1176 4033 seh
1203 3982 1209 4009 ¹

83 4073 305 4132 renunciationem
322 4072 413 4124 usitati
431 4075 472 4127 κιί
489 4071 596 4128 auribus
613 4076 794 4138 perceperant..
