2506 4492
68 204 144 276 sso
415 158 830 273 asssusrsrro‘rn.

70 383 221 453 Plutarch.
244 381 347 467 Comp.
366 376 464 445 Aloih.
483 377 537 441 lV.
559 373 657 466 χᾶριν
677 368 808 464 cudens
828 371 951 469 ἄχαριν
970 374 1167 466 προςτίθροι

70 488 192 552 Arrian.
216 482 307 547 Alex.
331 481 384 546 lV.
408 480 446 559 8,
469 480 503 544 7.
533 479 581 547 ἄν
602 477 643 566 δή
664 471 763 569 χᾶριν
784 475 846 547 ocia
866 479 1024 571 ἐπίχαριν
1046 475 1169 575 λέγοιμ’

69 585 116 659 ἄν
137 579 248 679 νόμον
273 622 317 643 -.-
343 584 419 649 Plat.
442 582 540 669 legg.
561 583 618 650 lX.
643 581 716 655 853.
743 582 782 648 Ι).
813 584 864 647 obi
886 584 1040 670 genidvas
1063 585 1172 648 additus

70 701 120 756 est
140 699 174 755 ut
195 688 258 776 lph.
279 686 318 751 7.
337 685 413 758 566.
434 681 597 783 poscendo
617 681 715 775 χάριν
736 679 875 782 ἄχαριν,
897 687 975 771 quod
998 698 1089 751 nemo
1112 686 1171 751 sul-

70 793 234 858 stantivnur
256 810 324 855 esse
346 790 441 864 dicet,
455 808 560 873 *neque
583 787 649 851 lieri
669 798 768 872 potest
789 797 823 859 ut
840 786 913 851 llos.
933 785 1013 852 612.
1036 781 1173 876 νᾶμφφι

70 890 237 990 ἄννμφον
258 891 438 978 παρθένον
458 885 492 957 α’
513 881 732 974 ἄπᾶρθενον,
763 891 820 954 hoe
841 901 1026 975 postremum
1045 892 1089 960 sit
1110 893 1173 961 snb·

36 1039 42 1050 ·
70 999 253 1075 stautivutn,
284 994 463 1080 adjectivum
484 1011 559 1056 vero
581 986 755 1079 ἄνομφσς.
801 992 926 1077 Insuper
948 991 1058 1058 Graeci
1082 993 1175 1057 multo

71 1100 167 1186 magis
188 1120 275 1187 quam
296 1095 418 1160 llomaui
441 1094 641 1179 Germanique
664 1105 888 1167 consueverunt
909 1094 1106 1161 substantivis
1127 1096 1175 1159 ada

67 1204 198 1290 jungere
225 1197 374 1284 adjectiva
401 1197 534 1282 ejusdem
561 1198 663 1282 stirpis
691 1197 849 1282 negantia,
883 1194 959 1271 δέος
982 1193 1082 1272 aldeis
1101 1197 1172 1266 Pho

65 1292 173 1391 ¹Symp.
195 1298 325 1367 18811.
350 1299 476 1365 Aristid.
497 1301 550 1363 Or.
569 1299 718 1367 XXXIV.
736 1298 812 1371 441.
835 1295 933 1385 γένος’
954 1294 1087 1388 ἄγονον
1103 1300 1172 1368 llur.

70 1406 162 1471 llere.
185 1398 260 1469 887.
292 1402 415 1489 τροφαί
438 1396 583 1488 ἄτροφοι
604 1398 689 1466 Aret.
716 1401 789 1467 Gur.
814 1401 852 1474 ll.
878 1401 916 1466 11
925 1432 936 1479 ,-
958 1400 1036 1471 211).
1068 1401 1173 1476 πίονας

69 1502 215 1587 ἄπιστος
230 1505 363 1570 Maneth.
379 1504 417 1568 V.
434 1502 488 1579 97.
514 1502 619 1592 σοφία
636 1499 768 1590 ἄσοφος
785 1504 881 1568 Clear.
898 1502 999 1570 Protr.
1014 1505 1054 1569 V.
1072 1502 1125 1570 56.
1138 1506 1172 1568 Α.

71 1622 103 1676 et
129 1622 195 1675 eum
223 1607 442 1693 praepositione
470 1607 609 1693 negativa
636 1600 744 1695 φόνος
768 1599 947 1693 ἄπόφονος
975 1607 1079 1673 Orest.
1103 1605 1172 1673 163.

71 1715 149 1800 quod
168 1710 348 1776 scholiastes
371 1731 438 1774 oum
459 1702 571 1797 γᾶμος
591 1703 725 1798 ἄγαμος
747 1710 915 1786 contendit,
939 1711 1067 1795 aliisque
1088 1708 1175 1794 parti·

71 1816 148 1885 culis
175 1807 317 1901 δίςερας
338 1817 421 1901 ἔρως
442 1811 593 1876 Plutarch.
619 1811 657 1875 V.
682 1810 790 1876 Pericl.
814 1813 889 1876 XX.
912 1808 991 1879 467.
1021 1808 1174 1884 θάνατος

69 1913 266 1991 ςᾶθᾶνααος
283 1915 422 1979 Meuand.
439 1915 490 1978 Fr.
509 1935 538 1997 p.
557 1912 610 1987 ll).
633 1906 791 1989 θᾶνααος
810 1909 993 1989 ἄθᾶνανος
1011 1913 1171 2000 lbeophyl.

71 2020 149 2095 llist.
171 2018 222 2089 lll.
248 2016 306 2093 13,
330 2015 383 2083 79.
404 2015 440 2079 C.
465 2035 522 2109 paro
544 2016 577 2079 in
599 2037 710 2102 genere
732 2029 803 2087 ente
827 2029 945 2082 ceteros
966 2017 1112 2102 Tragicos
1132 2015 1173 2079 lu·

70 2120 212 2185 undatur
227 2117 394 2201 Euripides.
428 2114 533 2200 Neque
555 2117 651 2181 solum
673 2121 833 2204 conjugata
853 2119 974 2189 nomina
996 2138 1172 2204 componun·

71 2233 134 2300 tur,
158 2220 209 2285 sed
228 2219 317 2283 etiam
335 2238 410 2300 quse
431 2218 558 2283 diversis
579 2220 719 2305 stirpibus
738 2233 805 2293 orte
826 2223 879 2287 sed
897 2238 1071 2308 synonyma
1090 2231 1170 2286 struto

70 2318 164 2396 φόνοι
181 2316 301 2413 ἄγονοι
321 2343 375 2406 pro
397 2316 518 2389 οίτοαία
535 2323 607 2386 (led.
625 2323 661 2388 Τ.
680 2322 733 2388 sd.
758 2321 823 2409 ζωή
842 2318 941 2412 ἄβιος
958 2324 1084 2408 Emped.
1102 2320 1170 2392 326.

71 2424 213 2508 ἄν’ςζοιος
233 2421 394 2513 νοίβίοτος
412 2421 531 2519 βίοτος
552 2425 655 2510 Epigr.
672 2426 783 2510 Adesp.
803 2425 933 2491 DCLlll.
956 2425 1068 2512 μόρος
1089 2420 1174 2494 ἄπο-

69 2555 157 2619 τμος
183 2530 250 2595 Alc.
276 2526 349 2601 118.
380 2541 439 2592 eto.
486 2528 536 2592 Ex
561 2527 608 2591 his
634 2528 728 2613 igitur
754 2528 918 2614 exemplis,
953 2549 1083 2622 quorum
1109 2548 1172 2613 pars

71 2635 202 2699 maxima
228 2632 271 2695 ita
299 2641 467 2715 comparata
492 2643 555 2706 est,
587 2642 622 2701 nt
645 2631 758 2698 nullom
784 2633 964 2697 substantivi
988 2632 1171 2698 substantivo

70 2733 161 2802 additi
187 2731 385 2815 suspicionem
407 2732 559 2808 admittat,
591 2732 644 2796 illa
667 2734 835 2799 existimari
859 2736 985 2811 debent,
1017 2756 1095 2826 quoe
1116 2753 1173 2798 uon

69 2834 206 2922 Tragicis
228 2833 324 2905 solum
345 2834 397 2896 sed
418 2834 451 2896 in
473 2835 557 2897 omni
574 2856 688 2919 genere
710 2836 825 2899 dicendi
846 2836 1097 2920 frequentantur:
1119 2828 1173 2901 αό-

71 2960 158 3026 σμος
185 2931 337 3022 ἄκοσμος
362 2935 473 3000 Julian.
496 2936 601 3022 Epigr.
626 2937 734 3008 LXlV.
765 2937 867 3003 Noun.
892 2939 944 3004 Vl.
969 2938 1047 3004 371.
1085 2939 1172 3012 οἶνος

71 3038 185 3117 Ιἄοικος
206 3038 304 3103 XVll.
327 3036 382 3102 42.
411 3038 452 3101 ih.
478 3037 531 3102 51.
561 3051 593 3104 et
614 3039 732 3110 Aeliau.
756 3039 794 3104 H.
817 3041 899 3105 Anu.
922 3041 994 3106 Xll.
1018 3040 1052 3107 6.
1080 3043 1172 3111 πᾶσιν

70 3138 167 3216 πόλις
191 3136 314 3215 ἄπολις
340 3137 386 3207 ἄν
411 3139 543 3227 γίνοιτο
573 3141 651 3204 Plat.
675 3141 768 3227 Legg.
795 3143 858 3213 Vll.
883 3141 1022 3208 7661).
1053 3164 1171 3236 prorsus

70 3247 108 3318 ad
129 3242 271 3329 Aeschyli
293 3244 461 3329 exemplum
483 3243 571 3314 Eum.
594 3242 669 3308 457.
694 3239 818 3313 ἄπολιν
837 3240 945 3314 Ἰλίου
965 3243 1069 3315 πόλιν
1090 3251 1172 3333 top-

70 3371 142 3422 κας.
169 3344 272 3436 Neque
290 3346 390 3409 Latini
409 3345 596 3410 substantiva
614 3349 756 3431 negantia
772 3350 937 3434 adjungunt
954 3351 1008 3414 sed
1027 3349 1172 3437 adjectiva

70 3451 198 3536 nuptiae
225 3449 389 3533 innuptae,
422 3449 566 3533 sepulcra
592 3450 767 3536 ἰνιοομαίίας
810 3452 1001 3538 quamohrem
1028 3472 1171 3517 nements

69 3557 248 3622 innumerus
273 3547 363 3620 Lucr,
389 3548 426 3613 ll.
452 3549 546 3623 1053.
578 3549 629 3614 lll.
653 3550 727 3618 780.
758 3553 840 3618 velet
866 3554 1083 3633 innumeralis,
1116 3575 1170 3640 quo

69 3656 147 3721 idem
170 3651 282 3731 utitur,
306 3651 371 3716 sive
392 3652 636 3734 innumerabilis,
665 3677 722 3738 quo
746 3655 860 3721 Gellius
882 3658 922 3721 ol.
943 3657 1032 3722 Voss.
1059 3657 1167 3727 lustitt.

68 3761 158 3828 llhet.
181 3756 221 3822 V.
246 3776 273 3818 c.
298 3752 329 3816 7.
376 3754 407 3817 Si
429 3756 494 3839 quis
516 3767 616 3820 autem
636 3767 758 3843 propter
784 3764 858 3845 quae
881 3780 970 3844 supra
992 3760 1082 3826 attuli
1101 3782 1168 3827 αα·

69 3859 131 3948 vaip
153 3851 360 3943 αἰνοαᾶαηρ,
383 3849 476 3943 Ἶρος
491 3853 624 3947 Ἄϊρος,
653 3863 728 3946 quod
749 3860 923 3928 Eustachius
945 3884 975 3948 p.
999 3860 1091 3938 1837,
1114 3858 1166 3925 16.

70 3967 144 4031 adeo
170 3985 236 4028 cum
257 3956 368 4035 ἄοινος
389 3953 521 4035 ἄϋπνος
545 3976 712 4048 comparat,
741 3964 895 4030 Sohaeleri
915 3963 1103 4041 sententiam,
1121 3965 1168 4029 dc·

71 4068 188 4132 sensum
210 4075 279 4144 eat,
307 4063 442 4153 equidem
464 4061 541 4129 band
562 4066 703 4151 dispicio,
729 4089 784 4133 our
804 4067 878 4135 haec
897 4067 1023 4135 licentia
1043 4067 1167 4143 neasle-
