2506 4492
248 205 308 270 nn
334 203 496 294 soutp.
527 205 699 280 uouos.
730 206 767 271 ο.
788 202 851 273 111.
882 211 912 294 ς.
932 210 965 278 a.
1098 208 1167 284 toa

56 387 141 464 bum,
165 387 214 450 oui
235 385 418 451 adhaereant
438 397 578 470 tanquam
599 387 696 472 stirpi,
721 410 782 453 non
803 389 924 454 habent.
955 384 1072 477 Θαλής
1086 390 1169 481 Hey-

57 492 128 555 nius
149 489 386 554 comminiscitur
407 490 444 552 ad
462 488 497 553 ll.
515 488 629 554 XXIV.
650 489 725 556 304.
748 492 887 560 θαλέων
905 488 1169 581 ἐμπλησάμενος

55 594 130 681 κῆρ,
154 615 241 677 prem
264 592 429 676 genitivum
452 592 648 658 Ruttmannus
670 595 706 665 ab
727 595 875 680 adjectivo
893 590 1014 671 dolive,
1033 590 1167 685 θάλειαι,

56 697 181 780 repetit,
204 695 391 779 indidemque
414 696 539 760 verbum
560 691 702 763 θαλύνω
726 697 813 774 duci3
837 698 942 782 quibus
964 700 1169 786 addipotcrat

56 821 170 863 nomen
197 797 376 862 solemnium
402 794 571 879 θαλύσια,
605 810 640 862 ut
666 821 684 863 a
710 798 809 874 νίκας
835 792 991 883 νεκύσια,
1023 805 1168 889 producta

54 901 222 986 penultima
243 912 277 964 ut
297 898 392 991 χάρις
412 899 578 991 χαρίσιος,
599 896 758 990 ’Ἄρτεμις
779 897 1063 1023 Ἀρτεμίσιοςῐῖ).
1108 907 1168 972 Vc-

55 1015 139 1068 teres
156 1003 231 1067 illud
245 1004 484 1088 interpretantur
498 1006 645 1090 adjectivo
662 998 804 1073 θάλλειν
820 999 1028 1086 ποιούντων,
1043 1005 1166 1094 ἡδέων,

55 1118 87 1171 et
110 1107 217 1170 Suidas
237 1107 402 1174 Θαλέεσοι
421 1120 616 1194 τρυφεραῖς,
638 1101 781 1176 θάλλειν
801 1103 993 1189 ποιούσαις,
1016 1114 1068 1177 sed
1085 1109 1168 1178 ltue-

55 1222 159 1274 sterus
182 1231 199 1273 c
222 1210 306 1272 codd.
330 1223 476 1297 τροφαῖς
497 1211 649 1297 reposuit,
674 1214 750 1296 quod
770 1214 865 1295 poscit
886 1226 1028 1280 accentus
1050 1228 1082 1280 et
1099 1217 1167 1280 sub·

49 1315 170 1398 jectum
194 1313 363 1396 exemplum
389 1311 449 1380 τύν
474 1316 542 1400 μὲν
563 1313 626 1401 ἐμοί
651 1315 834 1382 θαλέεσσιν
859 1312 1049 1405 άνὲτρεφον
1074 1318 1168 1385 idem-

55 1438 115 1502 que
138 1416 250 1501 legitur
271 1416 304 1479 in
326 1416 478 1481 Alcmanis
499 1417 550 1480 Fr.
570 1417 679 1482 LXVI.
704 1423 741 1484 ἐν
764 1415 900 1486 σάλεσσι
920 1421 1060 1496 πολλοῖς
1080 1416 1169 1508 ἤμε-

51 1543 129 1594 νος.
172 1519 273 1604 Aeque
297 1521 433 1583 fictitium
457 1531 504 1583 est
523 1517 656 1606 θανής,
688 1522 724 1585 de
749 1545 806 1606 quo
830 1523 930 1587 Schol.
956 1525 1010 1587 Od.
1035 1527 1089 1591 M.
1110 1524 1165 1592 22.

54 1635 88 1688 ct
109 1622 284 1687 Eustathius
307 1645 335 1707 p.
358 1622 458 1698 1705,
483 1620 536 1687 db.
562 1619 600 1689 ed
623 1622 797 1698 ύιςθανέες
819 1629 856 1692 ἐν
877 1623 954 1691 dccl
973 1622 1091 1713 μέρεσι
1112 1619 1169 1694 λύ-

52 1750 120 1815 yoo
142 1721 365 1814 οἷναγινοίσκει
380 1718 639 1813 Ἀπολλόδωρος.
670 1726 887 1814 Καύεστὲρας
908 1725 1045 1802 ἐλπίδας
1060 1729 1165 1815 Polyb.

53 1830 108 1896 lll.
134 1829 193 1907 96,
219 1829 250 1893 7.
286 1829 589 1914 Schweighaeuserus
612 1842 726 1895 temere
750 1831 882 1894 defendit
906 1832 1050 1896 adversus
1072 1832 1169 1895 Erne-

55 1935 148 1999 stinm
167 1931 422 2020 ε’πικαιλεοπέρας
444 1933 658 2018 corrigentem,
683 1955 740 2018 quo
761 1933 813 1999 ille
835 1934 953 2019 saepius
975 1945 1094 1998 etcum
1117 1955 1169 1998 oo·

54 2040 124 2102 dem
147 2037 333 2119 substantivo
356 2035 463 2100 utitur.
497 2032 673 2122 Μενοινύς
690 2030 876 2123 πρόθυμος
894 2035 1025 2122 Hesyeb.
1051 2036 1169 2101 etiamsi

54 2153 166 2227 testem
189 2140 326 2217 baberet,
349 2150 448 2203 tamen
470 2141 507 2202 ad
527 2151 715 2224 praesentem
737 2162 824 2204 usum
843 2139 918 2202 nibil
937 2140 1101 2204 conferret.
1134 2140 1169 2204 ln

53 2236 201 2308 Nicandri
218 2243 269 2306 Fr.
288 2240 313 2307 l.
336 2241 434 2332 χίδρα
454 2244 522 2327 μὲν
542 2240 735 2329 ἐντρίψειας
748 2280 791 2291 -
803 2235 920 2309 εύοίύει
938 2241 974 2308 dt
989 2243 1073 2330 μιμῇ
1093 2239 1170 2329 ἅμα

56 2346 191 2434 φύρσον
213 2343 322 2432 ἐλαίῳ,
346 2345 545 2408 Schneiderus
567 2344 759 2429 probabiliter
781 2345 905 2428 corrigit
921 2343 1061 2431 pocydad'
1079 2342 1168 2432 ἅμα,

54 2471 155 2535 neque
177 2449 221 2512 illi
243 2449 330 2511 fidem
352 2448 433 2511 addit
454 2447 628 2511 adverbium
648 2444 735 2533 μίγα
756 2447 821 2511 sive
842 2444 965 2533 μίονα·
989 2468 1118 2530 namque
1140 2449 1169 2512 si

55 2546 168 2639 σάφα,
189 2545 315 2637 κάρτα,
336 2549 430 2638 λίγα,
452 2542 552 2639 τάχα,
576 2542 643 2614 ὦκα
665 2550 701 2611 ab
723 2549 895 2634 adjectivis,
921 2559 955 2612 ut
975 2548 1169 2615 Grammatici

56 2655 184 2731 volunt,
222 2654 319 2738 repeti
348 2663 490 2737 possunt,
531 2661 632 2714 tanen
663 2650 738 2715 haec
770 2648 932 2715 similitudo
964 2650 1089 2715 fortuita
1121 2661 1170 2715 est

16 2769 181 2843 ¹propter
204 2756 371 2824 naturalem
397 2755 624 2841 adjectivorum·
639 2765 670 2817 ct
694 2755 902 2819 adverbiorum
930 2755 1020 2839 (quae
1045 2753 1168 2839 Apollo-

55 2864 127 2926 nius
152 2856 330 2925 ἐπιθεταιά
356 2854 520 2945 ῥημάτων
544 2857 646 2939 vocat)
672 2858 897 2943 cognationem,
928 2877 1025 2941 neque
1046 2867 1169 2940 propter

54 2959 140 3051 ἧκα,
164 2975 243 3051 σῖγα
257 2961 318 3042 ¹⁶),
340 2954 448 3043 πύκα,
471 2958 570 3039 λίπα,
593 2952 694 3041 άντα,
717 2963 792 3025 sumi
815 2961 887 3024 licet
905 2960 1052 3044 adjectiva
1071 2955 1167 3044 ἠνία,
1233 3017 1236 3020 ,

53 3065 164 3136 άντέα
184 3076 243 3131 etc.
267 3066 300 3128 in
322 3087 408 3129 usum
432 3075 552 3148 recepta
573 3064 685 3141 luisse,
717 3064 770 3128 scd
791 3063 888 3146 potius
913 3063 955 3126 ita
976 3061 1167 3124 statuendum

54 3170 199 3236 adverbia
224 3169 258 3231 in
286 3189 320 3231 se
349 3167 505 3230 continere
532 3167 594 3232 vim
620 3165 835 3252 adjectivorum
863 3166 915 3229 sed
939 3164 1004 3230 sinc
1026 3164 1168 3229 articula-

54 3276 141 3338 tione
164 3271 298 3357 generis,
321 3271 439 3335 numeri
462 3279 492 3332 et
514 3289 648 3334 casuum.
688 3269 746 3333 Sed
766 3269 908 3345 referam,
933 3288 1007 3352 quae
1028 3278 1165 3331 restante

57 3367 199 3461 Σθενής
230 3366 363 3464 ἰσχυρός
393 3373 479 3437 Ρλιοι.
502 3383 542 3468 Ιοι
571 3362 661 3436 Suid.¹
683 3352 727 3437 ού
755 3371 906 3452 σθενύς,
936 3364 997 3436 otiu
1027 3368 1168 3458 ι’σχορύς

26 3526 27 3530 ,
56 3477 195 3566 Hesycb.
223 3474 367 3567 σπερχής
391 3473 578 3549 σπονύαῑος
601 3468 634 3539 in
655 3473 807 3558 Rutgersii
830 3472 1001 3550 Glossario,
1033 3494 1167 3559 proquo
1229 3532 1234 3541 .

54 3572 227 3670 οἷσπερχής
255 3581 314 3664 diei
342 3580 420 3646 solet
447 3590 481 3645 ut
507 3571 652 3667 άχανής,
683 3586 836 3663 postremo
862 3574 956 3663 (ρούς
983 3571 1082 3663 φύσει
1108 3576 1167 3640 Ηο·

127 3858 173 3924 15)
190 3857 288 3911 Anecd.
301 3855 388 3908 Crem.
402 3853 424 3906 l·
441 3851 500 3912 172.
517 3846 682 3922 Ἀρτεμίσιοο
696 3847 730 3906 τά
747 3871 781 3921 με
796 3846 895 3920 βραχύ,
913 3845 947 3905 τά
960 3845 989 3903 δὲ
1008 3867 1037 3903 σι
1050 3844 1164 3919 μακράν.

56 3945 224 3998 Contrarium
242 3945 325 3995 voluit
343 3944 437 3995 dicero.
469 3978 484 4004 .

126 4032 172 4098 lb)
199 4031 374 4096 Goettlingtus
396 4031 427 4080 de
450 4027 555 4080 docent.
581 4039 607 4091 p.
630 4021 690 4081 103.
714 4023 775 4093 σῖγα
799 4023 858 4076 olim
883 4021 1062 4090 imperativum
1086 4019 1168 4076 fuisso

57 4119 153 4171 statuit
170 4118 242 4185 odyn·

842 4155 1025 4266 tta*
