2506 4492
265 162 323 250 nn
350 181 515 252 nourr.
542 184 715 252 nonos.
748 187 785 253 c.
807 186 871 253 111.
894 189 922 274 ς.
944 188 979 256 τ.
1117 190 1188 261 roo

74 367 146 430 hinc
167 363 349 449 intelligitur
375 366 453 450 quod
474 356 574 451 τρόφι
601 387 642 429 ex
663 360 804 458 εότροφι
829 380 932 433 natum
954 369 1125 435 fabulantur
1149 393 1181 435 v.

75 470 178 555 Etym.
198 467 240 531 M.
265 465 346 544 769,
369 465 423 532 40.
447 469 591 566 oh—eam‚
615 489 698 549 reor,
723 491 855 548 causam,
879 471 947 555 quia
969 471 1083 535 nullum
1105 472 1186 537 aliud

75 570 258 657 adjectivum
280 569 409 654 simplex
428 570 462 633 in
484 595 514 644 ις
534 571 724 636 terminatum
742 594 837 658 genus
856 584 997 637 neutrum
1014 574 1182 659 participat,

75 675 128 738 scd
158 673 323 756 composita
349 671 443 735 multa
471 683 579 736 extant
605 668 735 755 εὔελπι,
762 668 879 764 εὔχαρι
906 686 965 738 etc.
999 697 1056 740 nec
1084 687 1185 740 tamen

38 814 40 818 ·
74 776 356 840 animadverterunt
376 796 411 839 ca
434 775 533 841 omnia
554 797 572 840 a
594 777 763 841 nominihus
785 777 948 861 composita
969 798 1054 855 esse,
1084 775 1186 867 τρόφι

74 889 176 942 autem
198 878 343 962 originem
367 877 488 941 trahere
512 900 530 942 a
552 880 656 942 verbo.
702 878 873 963 Eodemque
898 880 930 942 iu
953 901 1058 944 errore
1080 902 1184 946 versa-

74 992 126 1046 tur
152 980 303 1064 Apollonii
330 980 488 1106 disputatio
516 981 552 1043 de
578 980 738 1105 conjunct.
768 1004 797 1067 p
821 980 902 1058 499,
925 980 979 1049 29.
1012 974 1185 1071 ὁμολόγως

73 1077 140 1152 οὖν
162 1081 245 1151 ἐν’
222 1081 399 1195 ιιφυιρὲοει
419 1084 481 1148 του
502 1076 541 1149 εὖ
560 1080 600 1149 τό
620 1081 761 1210 ἠνορέη,
790 1080 902 1171 ὥσπερ
926 1083 965 1151 τό
990 1077 1108 1171 δόμοις
1131 1086 1185 1154 ἐνὶ

73 1199 262 1273 ποιητοῖσι,
293 1181 351 1269 quo
374 1185 512 1269 exemplo
534 1177 715 1260 Ξάνθος
701 1187 803 1275 ριόιν,
831 1182 961 1275 τόφρος
981 1185 1105 1275 όρυιιτη
1129 1210 1184 1254 ex·

72 1291 188 1376 plicant
212 1289 313 1352 Schol.
338 1288 374 1352 ll.
399 1287 451 1352 lV.
477 1286 552 1351 434.
580 1288 624 1351 X
650 1288 729 1354 198.
756 1311 831 1375 quae
857 1312 918 1354 nou
942 1291 1041 1357 minus
1064 1291 1184 1377 integra

73 1403 148 1458 sunt
169 1413 254 1476 quam
276 1389 406 1477 πηκτόν
427 1414 574 1478 οροτρον
597 1392 651 1455 Od.
675 1391 759 1455 Xlll.
784 1390 838 1459 32.
868 1387 1046 1462 θαλλοντοι
1068 1393 1184 1462 adlevor

71 1495 204 1558 Theocr.
220 1493 304 1557 Xlll.
322 1493 376 1559 42.
400 1495 553 1579 ποταμοὶ
572 1494 706 1581 ῥέοντες
723 1491 833 1581 Odyss.
851 1495 938 1559 XlX.
957 1495 1032 1563 206.
1052 1497 1180 1561 Τ1ιοοοι.

70 1597 177 1661 XXV.
201 1595 253 1661 19.
279 1594 502 1682 11οιιίιιι.Τχι.
526 1599 600 1660 XX.
625 1595 699 1660 389.
731 1617 827 1680 neque
849 1599 961 1682 magis,
993 1599 1020 1664 si
1043 1611 1183 1686 φρονεῖν

71 1700 156 1765 valet
183 1721 238 1784 pro
266 1694 304 1766 εὖ
334 1711 493 1786 φρονεῖν,
529 1711 643 1789 τυχεῖν
669 1720 723 1783 pro
752 1694 905 1788 εὐτυχεῖν
935 1722 966 1765 v.
996 1700 1114 1765 Jacobs.
1146 1703 1183 1764 ad

71 1800 216 1866 Philostr.
251 1826 280 1888 p.
311 1802 385 1868 307.
408 1804 455 1888 ¹⁸)
487 1823 544 1886 quo
577 1801 709 1887 pertinet
737 1800 834 1864 Photii
864 1802 1034 1867 adnotatio:
1076 1794 1182 1891 τύχην
1223 1798 1226 1803 ’

72 1904 190 1980 οἷπλώς
215 1903 280 1992 τη“ν
308 1902 449 1994 ιῖγοιθην
476 1899 581 1996 τόχην
607 1902 762 1983 uelocior,
792 1905 964 1968 adverbium
988 1907 1181 1969 extrinsecus

71 2011 268 2087 adsumimus,
291 2021 343 2074 aut
364 2010 421 2076 ἐπὶ
441 2004 550 2099 χώρας
571 2017 668 2074 ι”σουι
688 2009 773 2072 Piud.
794 2006 846 2071 lV.
864 2005 940 2072 485.
965 2004 1183 2097 ἤνυυμοιχίοι

70 2110 160 2180 ιιατοὶ
181 2111 311 2201 τρόπον
332 2113 463 2200 ἐγένετο
486 2113 580 2176 lsoor.
600 2110 725 2176 Panath.
750 2133 779 2196 p.
801 2109 882 2188 243,
906 2110 960 2174 51.
982 2108 1072 2198 proed
1094 2102 1184 2198 χνό-

69 2240 140 2303 μης
161 2215 313 2281 Plutarch.
337 2214 376 2279 V.
401 2216 510 2279 Periol.
536 2238 563 2280 c.
587 2213 706 2277 XXXl
734 2215 938 2298 supplemento
960 2206 1143 2301 adjectivi'
1124 2237 1183 2300 ορ-

70 2318 139 2393 edo
160 2320 295 2403 indigere
318 2320 484 2394 oredimus,
516 2318 592 2402 quod
613 2316 751 2380 Reiskius
781 2317 892 2380 adeo
882 2338 915 2380 ιο
937 2317 1088 2382 Plutarchi
1114 2317 1182 2381 loco

71 2424 265 2487 inserendum
287 2424 426 2506 putabat,
455 2421 507 2485 sed
529 2419 603 2483 haec
624 2419 746 2503 perinde
768 2429 803 2480 ut
824 2392 916 2507 δόκη,
942 2421 1021 2494 rite,
1045 2420 1180 2495 ratione,

71 2531 105 2590 ιἰι
128 2527 212 2601 Ιοοο,
238 2527 387 2610 ternpore,
417 2517 504 2591 καθ’
527 2517 634 2608 ὤραν,
662 2516 750 2586 rocol
770 2511 901 2635 χώραν,
931 2519 1190 2603 significationem·

65 2633 171 2716 justae
190 2627 337 2703 rationis,
362 2626 440 2713 justi
461 2624 604 2708 tempor-is
626 2622 724 2686 locive
750 2643 804 2705 per
825 2642 858 2684 se
880 2621 945 2704 ipsa
966 2619 1076 2684 hahere
1098 2640 1182 2684 assc-

69 2752 224 2798 veramus.
270 2730 334 2792 Hoc
361 2740 461 2793 autem
489 2727 599 2813 effugio
627 2724 799 2809 repudiato,
837 2723 905 2807 quid
933 2732 1030 2786 restat
1058 2721 1182 2787 nisiut

69 2826 201 2920 ψευδής
221 2832 388 2915 similiaque
410 2832 446 2895 ad
468 2831 623 2895 desuetum
646 2829 789 2914 quoddam
807 2828 973 2891 referamus
991 2825 1181 2889 formationis

70 2959 185 3026 genus,
221 2935 297 3021 quod
325 2934 418 3018 magis
446 2935 618 2997 inchoatum
648 2953 733 3016 quam
763 2929 927 3016 perfectum
957 2938 1014 2991 cst.
1058 2927 1180 2990 Etenim

69 3041 315 3128 quemadmodum
345 3035 602 3119 Empedoclesqin
634 3035 729 3118 primo
761 3031 956 3096 animantium
988 3039 1056 3092 satu
1086 3028 1181 3092 multa

54 3156 198 3209 naturae
224 3141 332 3206 fictrioi
360 3139 445 3205 velut
473 3137 672 3201 tentabundae
696 3134 845 3199 excidisse
868 3133 912 3197 ait
933 3130 1109 3216 imperfecta
1134 3140 1179 3195 at-

69 3269 129 3332 que
151 3246 287 3310 enormia
346 3322 350 3327 .

157 3347 265 3418 πολλοὶ
288 3349 355 3435 μὲν
376 3339 709 3434 queamdmodum
730 3337 946 3427 όμφίστιρνοι
968 3333 1121 3426 φύεσθαι

155 3453 321 3540 βουγενῆ,
348 3445 572 3537 οἷνδρόπρωροι
592 3485 635 3494 -

69 3560 114 3623 ita
134 3557 167 3620 in
189 3556 242 3621 illa
261 3555 423 3620 verborum
444 3553 555 3615 fabrica
575 3546 715 3614 oredihile
737 3557 785 3611 est
806 3545 964 3629 aliquando
984 3543 1093 3629 ahquid
1112 3555 1179 3607 teu-

70 3671 167 3724 tatum
191 3680 258 3724 esse
285 3658 362 3743 quo'd
385 3654 518 3721 inventis
545 3650 717 3717 mehorihus
738 3649 967 3733 reprobaretur,
999 3647 1057 3712 alia
1078 3657 1178 3709 autem

69 3815 281 3844 ...Γ-

141 3915 187 3982 18)
215 3912 306 3986 Ψῆφοτ
323 3911 442 3984 βαλοῦσα
460 3874 552 3967 hesch.
572 3910 646 3962 Eum.
668 3908 728 3963 751.
751 3925 800 3960 nou
818 3910 896 3961 aliter
913 3909 963 3959 diri
982 3905 1085 3956 ridetur
1102 3916 1178 3967 quum

68 4004 224 4074 φρυκτωριά
241 4008 299 4068 τρὶς
315 3993 346 4066 ’ἐξ
360 3997 480 4073 flodoinus
496 3999 586 4064 Agum.
602 3997 653 4059 33.Ι
665 3996 691 4046 id
708 4003 750 4048 est
767 3991 925 4066 εόβολοῖιοα,
943 3987 1096 4058 adaequeiam,
1115 3987 1177 4041 imm

69 4092 127 4155 gine
148 4104 164 4141 a
182 4097 339 4141 tesserarum
352 4087 427 4154 jectu
446 4101 565 4157 prospero
584 4083 704 4150 repetitu.

661 4362 679 4399 ιχ
