2506 4492
84 158 132 260 aa
211 191 214 195 ·
441 189 768 269 ¹nissnnramo
797 187 820 252 1.

85 375 122 438 ad
144 372 240 436 Strab.
274 369 326 436 lX.
353 367 428 434 664.
462 370 505 460 τῇ
534 368 778 437 Μακεδονίτιὸι
807 368 1040 460 Θεσσαλονίκῃ
1067 370 1184 435 Aelian.

85 478 122 539 H.
146 473 226 536 Ann.
249 471 320 535 XV.
343 471 397 537 20.
423 474 487 536 cod.
517 471 737 552 manuducta,
760 484 793 537 ut
820 470 972 557 Ἰἀφίὸος
993 495 1047 556 pro
1075 473 1186 559 Ταφί-

82 577 173 649 ardor
195 575 292 638 Strah.
315 575 413 638 XVll.
438 573 510 642 833.
533 577 593 660 τῆς
614 569 887 661 Κροτωνιάτιὸος
909 576 1035 638 Aristot.
1059 577 1182 639 Mirabb.

83 703 110 744 o.
136 678 226 742 CVll.
252 676 404 741 Bckkerus
427 678 568 762 praetulit
589 677 711 761 vulgato
733 666 998 762 Kpocwrmr'dor.
1023 675 1184 761 produlia

81 783 123 869 γῆ
151 779 298 864 Theophr.
331 781 366 843 de
388 781 460 864 Lap.
492 783 520 864 ἕ.
544 779 598 844 40.
635 779 832 842 Schneiderus
859 775 982 852 ὐελῑτις
1009 781 1131 864 scripsit
1157 791 1183 844 et

70 904 134 964 pro
156 881 330 968 capaciter
351 884 387 945 de
411 875 501 945 Odor‘.
525 881 580 958 40,
603 879 677 945 889.
703 879 922 966 captavimus,
944 903 997 964 pro
1018 880 1183 969 μαργαρί-

80 985 134 1059 dog
156 985 260 1048 Corais
283 986 319 1048 ad
341 984 456 1047 Heliod.
480 1007 510 1068 p.
533 983 606 1050 102.
630 981 878 1070 μαργαρίτιὸὲς,
902 982 949 1047 hic
970 984 1094 1068 injuria,
1119 1007 1181 1049 nam

78 1086 247 1175 μαργαρίς
268 1087 387 1171 saepius
410 1086 539 1170 legitur3
563 1090 616 1151 sed
639 1087 687 1151 ubi
710 1087 848 1170 exempla
870 1087 996 1162 desunt,
1019 1108 1070 1150 res
1093 1088 1129 1150 ad
1144 1089 1181 1148 di·

78 1191 263 1255 vinationem
285 1189 383 1265 redit,
414 1190 552 1273 quoniam
573 1202 604 1254 et
621 1174 815 1253 librariorum
845 1188 877 1250 in
901 1190 1074 1252 omittendis
1096 1190 1181 1276 sylla·

78 1293 123 1356 bis
146 1292 329 1375 negligentia
351 1302 422 1355 nota
444 1302 475 1355 et
492 1291 674 1355 Graecorum
698 1291 731 1354 in
753 1291 904 1354 variandis
927 1291 1180 1354 terminationibus

78 1381 165 1468 iret
187 1380 248 1467 ιῖιξ
270 1394 392 1458 libertas
414 1415 508 1478 paene
529 1393 664 1468 infinita,
699 1393 929 1478 significationis
953 1405 1052 1473 antem
1082 1393 1180 1457 discri-

78 1518 147 1560 men
169 1497 283 1561 nullum
308 1509 371 1576 est,
400 1497 459 1560 nisi
482 1498 559 1580 quod
581 1495 702 1559 brevior
724 1498 820 1558 l'orma
842 1496 1030 1559 substantivo
1052 1497 1179 1579 propior,

57 1584 197 1684 ¹longior
224 1601 392 1685 adjectivo,
438 1599 516 1663 sicut
552 1611 758 1682 pappensium
784 1596 905 1685 βίβλος
940 1597 1046 1661 Galen.
1079 1599 1177 1681 Comp.

75 1701 182 1766 Medic.
213 1724 242 1786 p.
275 1702 366 1765 Locc.
397 1700 435 1763 ll.
465 1699 498 1777 3,
528 1699 602 1764 503.
633 1701 668 1762 Τ.
692 1700 761 1762 Xll.
794 1700 876 1763 nullo
898 1702 983 1763 modo
1006 1701 1064 1764 dici
1087 1710 1181 1785 potest

77 1801 265 1890 φαρμακίς,
289 1825 345 1867 nec
365 1803 473 1891 τρίχες
493 1799 725 1889 βλεφαρίτιδες
748 1801 831 1866 Paul.
856 1802 932 1886 Aeg.
958 1802 1023 1866 Vll.
1047 1802 1080 1866 3.
1100 1799 1177 1868 255.

76 1907 196 1970 eaedem
217 1904 434 1992 βλεφαρίδες,
463 1914 516 1967 aut
536 1924 633 1967 venae
650 1904 809 1988 jugulares
833 1904 991 1992 σφαγίδες
1019 1927 1075 1988 pro
1095 1930 1180 1991 σφα-

74 2005 213 2094 plectar,
245 2027 319 2091 quae
350 2007 470 2090 longior
498 2006 594 2068 forma
615 2007 647 2068 in
661 1994 742 2092 ’tc-qr
765 2019 798 2071 et
817 1995 882 2082 mr}
904 2011 939 2070 ab
962 2008 1099 2071 omnibus
1124 2018 1180 2070 ter·

75 2102 286 2172 minationibus
309 2118 397 2192 atque
419 2110 492 2172 adeo
515 2109 550 2171 ab
569 2108 725 2192 adjectivis
745 2111 817 2195 ipsis
841 2110 1051 2198 proficiscitur,
1086 2108 1180 2196 ac‘yrl-

74 2210 214 2298 cqe⁶⁰),
247 2209 418 2298 λευκίτης,
448 2208 660 2297 aucupium,
691 2194 899 2301 μακαρἰτης,
929 2211 1064 2299 πεζίτης
1094 2213 1177 2277 Eust.

74 2335 104 2397 p.
130 2312 225 2391 1007,
248 2313 301 2380 30.
348 2314 406 2379 Sed
421 2311 501 2378 ‘haee
524 2313 634 2399 exequi
655 2315 782 2380 mittam.

74 2487 283 2503 u

143 2610 187 2676 60)
205 2611 285 2662 Ottir.
304 2610 447 2663 Muellerus
465 2614 497 2663 ad
514 2612 607 2663 dasch.
628 2611 702 2664 Eum.
728 2630 753 2679 p.
775 2612 834 2666 134.
862 2619 891 2662 nt
909 2610 1095 2662 lustrationum
1111 2625 1175 2661 cere-

73 2695 188 2756 monias,
214 2696 270 2746 sine
289 2696 382 2761 quihus
400 2697 564 2762 antiquitatis
589 2699 769 2762 interpretatio
792 2699 903 2767 mystica
920 2698 1062 2748 consistere
1081 2697 1175 2764 nequit,

72 2779 180 2831 Homero
198 2781 351 2846 impertiret,
371 2796 404 2830 ex
420 2780 507 2831 verbis
527 2781 611 2833 Schol.
631 2780 700 2833 Viet.
722 2783 754 2832 ad
773 2782 801 2834 ll.
822 2783 920 2835 XXIV.
939 2784 999 2836 480.
1020 2779 1070 2836 τόν
1087 2780 1116 2836 δὲ
1133 2768 1176 2833 καὲ

72 2867 211 2935 deiparae
229 2873 274 2919 καὶ
291 2861 404 2935 ἆγνίτην
421 2862 542 2928 ἐκάλουν,
559 2877 737 2933 argumentum
755 2871 827 2920 ducit
844 2869 979 2920 Homerum
998 2884 1058 2928 non,
1078 2875 1108 2918 ut
1123 2868 1174 2919 vul·

73 2960 160 3017 ptum
178 2959 232 3012 est,
261 2946 360 3020 aetate
377 2949 403 3003 ἐς
421 2943 533 3019 deprecavi
548 2955 682 3020 scripsisse
701 2957 746 3006 sed
763 2984 798 2993 -
815 2951 936 3025 ripaltam.
969 2953 1066 3005 Verum
1084 2955 1177 3023 emptos

73 3040 170 3090 novitio
188 3037 283 3089 scholio
307 3021 371 3109 nipil
388 3037 565 3099 cognoscitur,
595 3041 644 3090 nisi
662 3042 791 3107 quodvis
808 3042 935 3093 mentione
954 3041 1074 3104 dignum,
1099 3038 1176 3090 inter·

72 3133 173 3194 pretum
192 3126 302 3191 aliquem
321 3117 409 3198 errore
427 3122 603 3186 vulgatissimo
628 3129 777 3192 posterioris
800 3128 895 3179 aetatis
913 3126 1062 3176 institutum
1081 3126 1113 3176 ad
1131 3125 1176 3175 llo·

71 3227 171 3264 merum
188 3210 358 3261 transtulisse
376 3197 455 3275 atque
474 3209 513 3260 illi
532 3206 610 3280 ἀνδρὶ
628 3210 741 3284 ἀφνειῷ,
759 3213 878 3280 adquam
896 3212 1022 3262 homicida
1041 3211 1179 3276 confugere

72 3299 184 3358 dicitur,
209 3292 354 3363 aoduproi
370 3303 457 3362 partes
476 3295 642 3362 imposuisse;
667 3314 716 3365 quo
734 3298 802 3349 iacto
820 3297 869 3348 iste
887 3313 956 3348 more
976 3296 1180 3347 Scholiastnrunt

72 3381 202 3437 tralaticio
226 3382 257 3432 de
271 3384 422 3449 'synonymo
447 3381 566 3433 admonet
588 3382 685 3438 tricos
708 3382 737 3438 dd
762 3391 807 3437 καὶ
830 3377 942 3450 ᾰγνίτην
965 3381 1020 3447 (vel
1037 3377 1182 3451 οἶγνιστὴν)

70 3465 195 3523 ἐκάλουν.
232 3466 382 3531 Hujusmodi
408 3474 494 3519 autem
513 3468 692 3520 adnotameuta
709 3468 821 3520 scholica
838 3468 861 3518 si
879 3467 936 3533 quis
956 3466 1062 3517 totidem
1080 3467 1183 3518 veteris

71 3563 98 3608 et
116 3568 251 3620 germanae
269 3553 413 3618 scripturae
432 3553 528 3604 indicia
545 3571 601 3606 esse
618 3538 710 3621 putat,
738 3555 827 3606 rudem
853 3570 881 3605 se
900 3555 990 3604 harum
1016 3571 1104 3606 rerum
1121 3565 1184 3606 esse

72 3641 192 3693 ostendit.
230 3638 257 3688 Si
283 3638 438 3690 Scholiastes
465 3642 596 3709 antiquior
620 3642 665 3691 hoe
690 3641 844 3707 prodidisset
867 3640 954 3691 verbis
979 3641 1038 3691 aliis
1057 3637 1110 3694 adv
1125 3660 1184 3693 ἰα’

70 3729 209 3794 θαὶροντα
226 3720 348 3778 ἐνταῦθα
363 3719 476 3793 uiyrltqr
493 3723 582 3786 καλεῖ,
600 3726 625 3776 id
643 3729 734 3778 saltem
752 3727 869 3778 diversae
888 3727 954 3777 foret
973 3727 1096 3777 indicium
1115 3724 1184 3778 scri-

70 3821 172 3882 pturae,
192 3810 236 3860 sed
254 3825 310 3860 eam
328 3817 413 3860 tamem
430 3811 562 3863 refelleret
578 3813 680 3864 Homeri
698 3812 863 3874 cousuetudo,
879 3828 949 3879 'quae
968 3813 1133 3864 substantiva
1149 3811 1186 3860 in

69 3883 129 3966 ἶῖἧς
145 3897 177 3948 ul>
195 3896 330 3962 udJectivis
349 3897 426 3947 ducta
444 3913 494 3948 nan
512 3898 593 3962 magis
618 3899 684 3960 fert,
710 3913 785 3965 qnam
802 3896 948 3962 hujusmodi
966 3900 1092 3951 voeabula
1108 3897 1189 3966 ap&

70 4001 172 4052 πτρια,
204 3978 340 4050 adoinoia,
370 3973 532 4064 uoptoiprpv,
559 3972 745 4055 ποντοχαρῆε,
773 3977 918 4051 ἀληθινός,
949 3977 1100 4053 placaretis
1123 3990 1185 4035 ew·

69 4065 125 4121 Non
142 4069 233 4136 loquor
250 4068 281 4120 de
298 4068 408 4177 sinssplis
425 4069 572 4131 vocubulis,
597 4070 643 4123 sed
661 4071 692 4122 de
708 4069 890 4159 vocabulorum
908 4071 1054 4135 generibus.
