2506 4492
71 129 121 239 ιι
272 170 309 181 ··
425 162 819 233 nlssnnramou.
862 162 920 195 -“

72 348 197 415 Boeotia
211 346 252 412 N.
270 345 364 412 1569.
388 356 420 411 et
438 347 568 432 saepius,
591 345 793 411 nominativus
811 340 889 432 μείς
909 344 984 430 apul
1002 343 1169 423 Hesiodum,

73 451 244 527 Pindarum,
267 448 419 513 Platonem
435 450 513 513 Tim.
536 471 565 533 p.
583 447 636 513 39.
656 448 691 511 C.
715 447 912 532 Theophrast.
933 450 969 511 de
984 447 1072 532 Sigu.
1089 448 1166 513 Plo.

72 553 99 619 l.
124 552 176 619 12.
201 552 238 615 ll.
262 551 295 615 2.
325 552 408 614 Stob.
432 551 498 614 Ecl.
523 552 547 614 l.
571 551 624 616 27.
650 572 680 636 p.
705 549 779 614 556.
806 550 898 633 (male
918 541 996 636 μεῐξ
1017 547 1167 635 seriptum)

60 653 179 718 ΧΤισιτ.
198 652 309 718 Autch.
330 651 383 717 89.
407 654 553 737 aliosque,
577 651 659 727 Ζείς
681 674 734 736 pro
755 647 832 738 Ζήν
854 653 886 715 in
909 674 1031 716 nummo
1053 674 1167 738 symen-

71 774 158 820 εισι.
198 754 231 818 ln
250 766 376 819 accentu
398 756 472 819 haec
494 755 636 818 vocabula
657 744 721 818 siti'
736 765 886 830 constant,
910 755 968 817 nisi
992 756 1069 839 quod
1090 750 1167 828 ιιλιίι

72 857 296 921 circumflexum
319 857 407 922 habet
427 858 459 921 in
481 858 607 921 Aristot.
628 857 726 920 Probl.
747 856 866 919 XXlX.
893 856 944 920 14.
968 879 998 940 p.
1018 856 1096 931 952,
1118 854 1168 920 21..
1201 868 1204 949 p

72 968 104 1024 et
125 959 157 1022 in
179 959 263 1022 codd.
283 958 376 1021 Laur.
399 970 432 1023 et
452 960 548 1022 Paris.
566 959 682 1023 Nicom.
703 959 741 1023 V.
766 961 798 1023 2.
823 982 852 1042 p.
873 957 969 1034 1129,
994 956 1048 1022 39.
1074 967 1166 1022 contra
1201 952 1204 1051 l

73 1060 339 1124 Grammaticorum
361 1073 550 1146 praeceptum
573 1058 672 1128 οὐδὲν
694 1065 741 1135 εἰς
761 1048 810 1135 αξ
831 1058 1097 1148 μονοσύλλαβον
1115 1085 1167 1125 ιτε-
1201 1060 1204 1145 ξ

71 1163 234 1248 promorat
255 1166 285 1228 εἰ
304 1159 355 1249 μή
377 1159 415 1228 τὸ
438 1161 485 1236 εἷς
506 1163 620 1226 Allecd.
643 1163 743 1227 Cram.
766 1163 791 1226 l.
816 1163 890 1226 171.
915 1163 1008 1248 Regg.
1030 1164 1114 1227 Pras.
1131 1160 1163 1224 N.
1202 1150 1204 1183 ³

74 1264 147 1329 127.
172 1286 202 1348 p
225 1263 300 1328 450.
331 1265 438 1329 Eusth.
462 1263 537 1341 857,
563 1263 617 1328 40
649 1287 745 1349 neque
773 1266 885 1348 quod
877 1287 908 1328 m
936 1267 1060 1329 diastasi
1085 1266 1166 1350 κληῒς

71 1367 181 1431 (licitur
208 1362 315 1449 (κλαϊς
341 1368 487 1432 aeolicum
517 1371 596 1450 est),
627 1379 716 1431 extra
739 1367 882 1432 diastasin
906 1368 976 1452 bary
971 1379 1087 1431 tonum
1110 1375 1167 1467 pssn

71 1479 187 1552 potest3
220 1471 321 1552 itaque
345 1472 433 1533 etiam
455 1470 578 1534 atticum
602 1462 681 1558 ulpio
704 1470 927 1534 scribitur.—
967 1465 1020 1536 Tol
1050 1474 1096 1544 εἰς
1120 1491 1166 1542 auo

71 1562 254 1658 λήγοντα’
236 1566 390 1655 ονόματα
408 1565 566 1658 α’ρσενιιιοέ
584 1573 650 1638 εἴτε
666 1567 962 1660 μονοσύλλαβα”
928 1594 996 1638 εισι
1012 1569 1079 1638 oct
1081 1597 1099 1658 ρ
1065 1564 1166 1638 liele

72 1673 291 1762 συλλαβάς
273 1670 414 1741 αἰταντα
449 1666 644 1753 ὀξύνονται,
686 1667 840 1758 δηλονότι
870 1669 1166 1760 κοινολειτούμενα

71 1774 146 1858 (uon
168 1777 282 1841 aeolica
304 1787 338 1841 ut
357 1774 511 1862 Πήλειιι,
528 1770 662 1861 Ἄρευς)
683 1768 790 1853 Ζεύς,
816 1775 902 1849 Φεύς
924 1776 996 1860 (sic)
1019 1769 1166 1844 ὁΔιόνιι-

70 1901 147 1958 σος,
172 1873 403 1964 Νεόςόνομα
424 1878 602 1963 ποταμοῦ,
629 1873 736 1952 Aratio
758 1874 869 1964 ὄνομα
892 1874 1020 1952 πόλεως
1043 1884 1081 1946 ἐν
1100 1879 1167 1948 Λν-

70 1979 142 2066 alp,
165 1985 255 2048 ἔνθα
277 1972 451 2065 α’νετριῖφη
470 1976 493 2064 ἠ
507 1977 679 2065 Χίμαιρα,
703 1973 778 2054 caclo
799 1979 820 2047 ὁ
838 1974 973 2066 σκώληξ.
1008 1979 1059 2048 To
1077 1974 1168 2068 φλεύς

71 2081 146 2167 (sic)
166 2082 224 2148 ιιαλ
245 2077 341 2155 Νεύς
368 2077 410 2147 οὐ
433 2078 569 2166 συνήθη
596 2096 669 2156 τοῖς
684 2080 840 2170 Ἕλλησι·
877 2081 915 2149 τὸ
937 2082 973 2148 δὲ
996 2078 1074 2158 oenc
1098 2081 1167 2150 οὐδὲ

70 2185 109 2253 ἐν
129 2180 241 2272 χρήσει
262 2181 348 2251 aas&
371 2183 435 2270 τήν
455 2179 608 2251 εὐθεῖαν.
652 2182 856 2271 Πρόςιειται
877 2181 1038 2270 deserturi
1062 2185 1115 2254 ιλιιέ
1135 2181 1168 2251 ια’

69 2306 149 2362 vave
170 2286 226 2355 καλ
246 2286 344 2375 γριῦς
365 2283 532 2374 moptomolp
530 2310 607 2354 ιενα
630 2287 731 2372 Etym.
756 2291 797 2352 Μ.
823 2287 901 2364 189,
925 2288 979 2353 39.
1026 2289 1090 2353 Ηοσ
1110 2288 1168 2352 loco

69 2386 174 2463 Φλιύς
193 2389 238 2475 (11
235 2392 335 2474 loma)
354 2413 407 2476 pro
428 2386 509 2479 φεύς
527 2390 617 2455 scribi
636 2402 776 2474 oportere
794 2391 990 2474 significavi'
981 2413 1014 2454 m
1030 2391 1055 2454 A
1058 2391 1156 2476 {paulula

69 2512 99 2577 p.
112 2491 188 2557 492.
205 2493 341 2577 idemque
358 2516 465 2560 nomen
480 2494 607 2558 Arcadio
626 2493 843 2557 restituendum
859 2515 912 2578 pro
929 2486 1042 2579 φθειις
1057 2414 1166 2578 6125,

69 2590 257 2662 26111ιί
220 2619 275 2669 coo
297 2609 328 2661 et
349 2593 405 2671 εὕς
427 2598 642 2681 subrepserunt
662 2617 716 2682 pro
737 2591 833 2670 Νειις
855 2606 886 2659 at
906 2619 995 2669 νειις.
1032 2595 1166 2660 Herodia-

68 2716 127 2760 nus
154 2720 191 2762 ιι.
215 2701 308 2762 Μον.
338 2720 366 2782 p.
391 2698 424 2761 6.
456 2695 495 2762 τό
522 2695 620 2770 Νεύς
647 2697 704 2764 cml
729 2699 892 2783 ποταμοῦ
919 2696 1097 2784 κείμενον,
1131 2693 1167 2769 cit

69 2822 152 2886 φησι
173 2797 307 2878 Φιλέας,
336 2794 594 2886 αἰιεξενιιμένον
615 2802 702 2864 ἐστι·
733 2799 772 2865 cci
795 2800 830 2866 (11
851 2797 937 2874 natio
958 2806 993 2866 ἐκ
1018 2802 1167 2868 συναλοι-

70 2901 137 2989 φῆς
155 2905 225 2966 ἐστι
245 2898 432 2986 ποιητικόν,
454 2898 492 2966 τὸ
511 2899 546 2967 δὲ
568 2894 624 2973 calc
647 2895 714 2966 αἰτό
733 2897 916 2990 α’ναλογιάς
935 2902 1186 2991 πλασσόμενον·

68 3004 217 3089 (adverbii
238 2999 301 3090 εὖ),
324 3000 361 3071 τό
384 3003 421 3070 δὲ
442 2994 524 3090 <petio
546 3002 602 3069 ἐπὶ
620 3000 789 3070 Διονύσου
808 3006 967 3092 κείμενον
984 3004 1068 3074 καθ’
1086 3013 1166 3074 ἱστι·

68 3104 149 3192 ρίαν
176 3107 268 3173 ἐστὶν
294 3106 493 3194 εἰρημένον·
530 3104 569 3170 τὸ
598 3104 634 3171 (ll
659 3106 733 3191 μήν
762 3109 836 3196 (sic)
864 3106 961 3182 δνεύς
991 3110 1165 3198 χιιμέρῥαν

67 3200 187 3297 ἄγριον
208 3204 381 3296 ὀφλήσεις,
404 3201 560 3278 ἐθνιιιόν·
590 3209 646 3272 6ιισ
668 3220 732 3284 est,
760 3222 794 3274 ut
815 3212 961 3287 arbitror,
990 3210 1099 3286 Δνεύε
1115 3232 1164 3288 uo·

69 3333 139 3376 men
165 3312 351 3396 gentilicium
379 3325 426 3377 est
452 3312 600 3397 proditum
626 3312 659 3374 in
684 3323 788 3376 vetere
811 3315 968 3397 proverbio
995 3314 1048 3401 μή
1070 3309 1166 3385 Aratis

68 3412 250 3504 Χίμαιραν
267 3415 436 3503 ἐκτρέψαι
455 3410 561 3506 ὄφλῃς
579 3415 727 3503 βλάβην,
748 3437 798 3490 ne,
820 3417 989 3491 orntum,
1009 3418 1165 3497 Chimaera

69 3516 231 3582 educanda
258 3520 372 3581 molum
400 3519 460 3582 tihi
486 3539 647 3592 amasses,-
687 3541 756 3583 nam
785 3519 820 3580 le
851 3519 906 3582 hac
938 3531 1066 3586 excetra
1093 3519 1166 3586 valet

68 3641 155 3704 quam
177 3621 325 3697 mamma,
359 3622 437 3706 quod
457 3620 627 3708 Aeschylus
656 3622 745 3696 dicit,
779 3619 821 3687 oti
843 3615 884 3706 ulai
911 3646 962 3696 τις
988 3623 1052 3690 αἶα
1078 3609 1167 3688 τοῦτ’.

67 3719 243 3813 ἐπεύχεται
267 3723 364 3811 γένος
388 3719 550 3810 τρέφοιτ’
582 3721 700 3792 ιῖναιελ
724 3721 773 3810 μή
798 3725 1019 3811 μεταστένειν
1045 3718 1164 3793 ιτόνιιν·
1201 3786 1204 3795 ,

68 3827 145 3891 Ηίιιε
167 3827 375 3912 corrigendum
398 3818 504 3899 Δνεύς
525 3820 638 3913 ὄνομα
660 3822 789 3902 πόλεως
807 3833 847 3895 ἐν
866 3826 979 3915 Λυκίᾳ
1003 3829 1036 3891 iu
1055 3823 1161 3891 Auecl·

68 3949 98 4013 p.
116 3929 211 3996 1365.
235 3929 285 3994 uhi
304 3941 337 3994 et
355 3930 454 3994 ionica
472 3928 571 4019 γρεῦς
592 3939 624 3994 ct
641 3931 719 4005 νεῦι
738 3931 905 3995 afferuntur
925 3954 954 4016 p.
972 3931 1069 3998 1236.
1089 3917 1166 3998 Aeolo

68 4052 122 4117 pro
144 4028 235 4108 Ζεύς
260 4034 318 4101 dici
344 4031 536 4100 Grammatioi
560 4043 728 4125 testantur,
759 4035 812 4099 sed
834 4029 911 4111 λιύς
937 4035 968 4100 11
991 4045 1039 4100 est
1062 4031 1164 4107 tiene.
