2506 4492
51 163 79 260 ί
117 187 188 258 sos
473 183 794 252 otssnnnumo
822 185 869 251 11.

118 365 260 434 Eustotb.
290 386 321 450 p.
341 362 436 441 1288,
459 363 514 430 46.
557 363 691 428 Addatur
712 363 758 428 bis
780 358 870 452 Γριίξ
890 360 909 430 ὁ
930 355 1038 451 ῥύπος
1063 362 1131 433 τοῦ
1148 358 1219 434 iro·
1249 416 1252 433 .

117 495 175 561 χος
202 469 285 533 Suid.
316 477 347 531 et
376 466 508 553 Hesycb.
537 467 642 552 quibus
672 466 772 529 verbis
794 466 966 550 particulam
988 464 1055 555 γρῦ
1076 456 1222 553 exptiaa'
1248 478 1253 520 ¹

121 570 233 646 solent,
256 569 465 654 geminumque
487 591 536 653 ap.
561 569 662 654 Etym.
688 567 764 630 Gud.
788 589 818 652 p.
843 567 917 645 130,
947 566 999 632 10.
1031 562 1116 657 γριίξ
1134 564 1216 657 wop&

116 671 155 741 τὸ
175 664 318 759 γρύζειν,
341 667 474 762 ἰσχυρὸς
496 675 533 736 ἐν
554 668 600 757 τῷ
622 660 790 754 ιῖρποίζειν
813 671 868 738 καί
890 665 1052 758 α’νασπᾷν
1075 669 1142 760 τήν
1157 662 1216 761 bai·

116 796 192 863 ραν,
220 795 295 859 quae
325 773 534 858 interpretau'o
566 772 709 835 convenit
735 775 767 836 in
795 794 904 837 nomen
930 766 1045 861 ypop3
1076 785 1214 860 postremo

120 872 185 964 φιίξ
206 876 299 962 παροί
322 872 383 943 τόν
405 871 496 963 φύξιν
517 874 688 962 μέλλοντα
709 874 810 959 Etym.
834 875 876 938 M.
893 873 969 952 892,
992 875 1047 940 46.
1073 879 1151 963 quod
1165 898 1215 943 am·

117 980 186 1065 bigo
216 990 316 1043 utrum
345 978 525 1063 adjectivum
554 998 593 1041 an
622 977 840 1040 substantivum
870 998 937 1042 esse
967 978 1119 1060 voluerit3
1153 978 1215 1045 illul

120 1102 182 1145 non
204 1090 291 1144 extat
319 1100 442 1164 usquam
464 1079 523 1143 nisi
546 1101 612 1143 cum
640 1079 815 1164 ppaeverbio
843 1080 1036 1164 compositum
1065 1079 1215 1171 πρόςφαξ,

116 1182 247 1253 alterum
260 1182 448 1246 Ptolemaeos
470 1182 502 1244 in
524 1181 675 1244 homerico
697 1174 826 1268 φύγαδε
849 1203 1006 1266 superesse
1028 1183 1089 1248 sibi
1106 1205 1216 1270 persus·

117 1285 158 1349 sit
180 1306 211 1348 v.
239 1283 338 1347 Scbol.
369 1283 405 1347 ll.
429 1285 479 1351 Π.
503 1281 579 1348 697.
608 1284 660 1346 setl
690 1283 797 1347 merito
828 1285 964 1349 desertus
994 1296 1053 1349 est.
1101 1285 1216 1350 Etbnica

115 1396 187 1450 sont
213 1378 306 1472 Βρύξ
334 1395 365 1450 et
392 1379 497 1473 Φρύξ,
525 1395 663 1469 suspecta
690 1405 765 1469 quae
790 1386 1002 1472 Theognostus
1026 1388 1172 1452 admiscet
1189 1407 1214 1471 p.

118 1486 193 1552 132.
218 1483 317 1574 στριίξ
338 1499 370 1552 et
391 1480 487 1575 οφιίξ,
509 1508 633 1572 quorum
656 1487 739 1571 prius
760 1488 889 1553 fortasse
914 1500 962 1553 est
983 1502 1098 1555 nomen
1118 1490 1218 1554 berbao

116 1581 294 1680 οτριίχνον,
319 1593 449 1656 alterum
472 1612 528 1678 pro
550 1584 637 1666 πνιίξ
658 1590 842 1674 subrepsisse
865 1591 996 1657 vilett.

201 1698 266 1768 Εἰς
288 1679 337 1771 a}
351 1685 595 1782 μονοσύλλαβα
618 1692 721 1759 πέντε
740 1696 805 1758 εἰσι
817 1692 895 1790 βτί-ξ,
911 1688 1013 1772 πταίξ,
1028 1685 1106 1781 ῥαίξ,
1123 1690 1214 1781 πριίξ,

117 1790 181 1874 olli
213 1795 396 1882 Theognost.
418 1818 450 1894 p.
469 1793 522 1858 40.
553 1793 680 1860 σπάνια
707 1790 749 1860 τιί
778 1798 826 1868 εἰς
855 1801 908 1875 αξ,
931 1797 1122 1882 reponsio),
1145 1789 1215 1886 βιίξ,

115 1895 181 1988 poi}
212 1896 307 1964 ὃδιοί
328 1900 391 1964 τοῦ
414 1921 435 1984 y
463 1895 611 1962 κλίνεται
636 1894 823 1960 Herodianus
850 1897 987 1961 Eustatb.
1012 1920 1041 1982 p.
1070 1896 1166 1974 1922,
1186 1895 1213 1960 3.

116 2010 244 2083 uterque
265 1998 510 2083 praetermittens
533 1996 661 2081 simplex
680 1990 765 2082 τροίξ
786 1998 859 2083 (nisi
875 1999 927 2063 ille
942 1990 996 2084 pr'o
1012 1994 1076 2076 εἷλε
1090 1998 1214 2084 scripsit)

115 2102 200 2185 cujus
227 2100 388 2184 singularis
415 2121 476 2163 non
506 2099 674 2176 invenitur,
708 2101 760 2163 sel
788 2100 910 2190 epoiyee
942 2100 1051 2189 θηρία
1081 2107 1119 2170 ἐν
1150 2113 1216 2174 τοῖς

115 2197 268 2287 ὀσπρίοις
288 2200 375 2265 Pbot.
400 2202 450 2287 qui
473 2213 504 2265 et
524 2201 669 2289 τρῶκται
690 2201 830 2266 (licuntur
852 2204 1065 2290 Hieracosopb.
1091 2228 1121 2291 p.
1148 2204 1213 2269 131.

114 2314 147 2369 et
167 2302 393 2393 τρωξαλλίδες.
437 2303 481 2368 Ao
503 2303 660 2369 vermiculi
687 2325 796 2368 nomen
818 2305 896 2370 haud
918 2307 1004 2371 dubie
1026 2309 1215 2373 masculinum

115 2417 180 2485 est3
218 2406 393 2472 femininum
424 2427 497 2472 vero
524 2406 744 2471 substantivum
770 2408 1062 2576 τρώγγρῶγλαι
1090 2410 1213 2498 Hesycb.

112 2520 148 2574 nt
167 2502 278 2600 γροίνη
300 2530 317 2573 a
337 2499 440 2598 γροία,
461 2509 585 2574 undeet
603 2501 714 2597 γραβή
734 2501 866 2599 βόθρος
915 2513 1019 2598 esycb.
1038 2514 1109 2579 duci
1121 2522 1213 2600 potest

114 2622 147 2676 et
175 2613 299 2677 latinum
329 2613 432 2676 scrobs
463 2612 493 2675 id
523 2622 569 2676 est
599 2612 684 2676 ίοοαε
711 2633 842 2689 exesus,
876 2614 934 2678 nisi
965 2627 1127 2702 utrumque
1155 2636 1214 2680 cum

115 2706 232 2802 ylo'po
264 2714 415 2777 cohaeret.
470 2711 574 2796 Neque
601 2714 795 2778 omittendum
827 2728 892 2781 erat
920 2714 1012 2806 προίξ
1038 2717 1064 2805 ἦ
1091 2723 1217 2806 προίνη

116 2806 236 2902 ιλρόοος
257 2809 324 2880 α’πιί
345 2814 407 2879 τοῦ
428 2819 521 2901 πρωί·
538 2813 637 2877 Sobol.
658 2814 786 2879 Tbeoor.
804 2817 855 2882 lV.
880 2819 912 2884 6.
937 2821 1015 2909 quod
1037 2821 1159 2886 (loricae
1173 2821 1216 2884 at-

115 2917 258 2982 scribitur
279 2914 406 2979 bialecto
427 2936 459 2977 v.
478 2914 605 2999 Gregor.
630 2937 659 3000 p.
678 2915 753 2981 274.
778 2919 931 3004 perperam
953 2922 1217 3008 aLexicograpbis

113 3021 226 3086 nostris
255 3016 428 3083 masculinis
460 3017 685 3081 adnumeratum
715 3041 747 3084 v.
773 3021 891 3085 Gallim.
925 3024 962 3088 ll.
992 3025 1049 3109 Ap.
1070 3025 1127 3089 41.
1177 3022 1215 3088 Ac

110 3123 232 3212 γλῶχες
253 3143 368 3206 quoque
390 3119 448 3185 huc
468 3119 577 3184 referri
598 3121 709 3185 meruit
731 3144 772 3187 ex
792 3125 920 3188 Hesiodo
934 3123 1020 3191 Scut.
1041 3125 1118 3192 398.
1146 3125 1215 3213 quob

112 3225 146 3289 in
175 3226 328 3290 nonnullis
357 3223 441 3288 libris
470 3222 668 3313 περιγλῶχες
689 3226 841 3305 scribitur,
874 3229 990 3306 eodem,
1019 3241 1054 3295 ut
1076 3231 1214 3305 arbitror,
1240 3246 1243 3255 ·

114 3347 227 3414 genere
255 3328 405 3413 signatum
432 3348 490 3412 quo
519 3326 617 3390 affinia
645 3327 778 3416 γλῶσσα
801 3339 831 3392 et
850 3328 980 3421 γλοχίς.
1025 3331 1085 3397 Sed
1106 3333 1217 3397 revisa·

113 3451 181 3494 mus
208 3430 244 3493 ad
272 3429 472 3493 Eustatbium.
516 3421 605 3504 Ῥοίξ
627 3429 720 3508 illud,
753 3433 837 3516 cujus
866 3433 949 3498 solus
976 3446 1116 3520 superest
1145 3433 1216 3520 apul

111 3531 275 3597 Homerum
304 3533 495 3596 accusativus
524 3532 647 3618 ῥῶγας,
675 3533 851 3598 femininum
879 3557 945 3602 csso
964 3549 996 3602 et
1015 3537 1096 3603 ratio
1116 3535 1217 3623 probat

114 3645 146 3699 et
173 3636 336 3699 auctoritas
364 3634 514 3699 Eustatbii
542 3634 633 3718 ipsius
662 3635 684 3698 l.
709 3634 888 3701 callorum
910 3661 1004 3716 vero,
1034 3640 1216 3725 quodmodo

112 3737 232 3803 acinum
255 3737 406 3821 significat
427 3740 513 3802 modo
535 3758 635 3814 uvam,
659 3749 817 3823 utrumque
830 3761 925 3824 genus
939 3742 1116 3827 participat:
1139 3744 1217 3831 ybu-

112 3838 251 3928 ανσίδης
274 3838 377 3927 ῥῶγας
398 3836 525 3928 παρῤοί
546 3843 631 3907 εἰσιν
653 3833 853 3927 ἐσθιόμενοι
879 3843 1016 3907 Dioscor.
1041 3845 1166 3931 Eupor.
1180 3842 1213 3908 ll.

114 3943 187 4009 111.
211 3966 242 4029 p.
261 3940 336 4008 399.
360 3952 392 4006 et
413 3941 480 4006 aliis
502 3943 577 4007 locis
598 3944 634 4006 ad
658 3943 771 4028 Pbupn.
792 3965 822 4027 p.
840 3943 893 4009 76.
912 3945 1030 4024 allatis3
1061 3947 1216 4013 diversitas

113 4055 213 4111 antem
235 4057 391 4125 accentus,
420 4065 508 4131 pam
530 4045 636 4111 Suidas
657 4045 776 4110 ualere
798 4045 929 4124 videtur.
958 4041 1024 4137 ραίξ
1046 4049 1139 4144 εἶδος
1160 4072 1216 4139 φα·
