2506 4492
263 197 321 261 DE
349 195 513 263 Nettttt.
542 197 714 265 MeNeS.
746 199 783 265 C.
807 201 851 266 ll.
881 202 965 286 §.b
1106 205 1177 275 tet
1224 264 1227 271 .

59 371 302 467 peptuppffl‘)
317 390 358 442 ut
377 378 411 441 in
428 377 582 442 femininis
600 372 929 467 ἅρπαξ-ιῖρπακτύς,
953 405 1021 448 nam
1042 384 1095 449 illa
1113 397 1177 451 ter-

60 483 191 546 minatio
221 481 377 575 utriusque
402 482 528 575 generis
558 482 697 566 ambigua
727 493 785 546 est.
830 483 894 549 Nec
923 507 994 550 raro
1024 488 1175 572 abrogatis

62 584 249 669 simplicibus
270 576 463 748 rotinus?
484 585 663 668 composita,
695 583 830 671 διώρυξ,
854 581 992 665 territt,
1016 586 1175 666 notodt‘f.

63 685 289 762 Consimiliter,
322 696 355 749 ut
376 674 386 749 i
410 706 449 750 uc
470 687 607 761 redeam,
638 687 673 750 in
693 687 789 752 altero
815 711 955 753 sermone
981 713 1036 775 pro
1059 715 1176 760 aureax

60 790 257 854 substitutum
280 800 327 852 est
349 789 433 873 origo
455 788 521 852 sive
542 789 666 872 auriga,
693 812 747 876 pro
770 792 905 856 scaturix
926 795 1096 879 scaturigo,
1123 818 1175 860 ou-

57 894 111 978 J'ns
135 891 248 955 vocalis
264 890 431 975 penultima
451 911 513 954 non
527 888 771 985 ¹adventicia-dst
795 895 879 958 utin
899 896 998 980 urigo,
1022 898 1172 982 elandigo,

61 994 204 1078 surdigo,
228 994 360 1079 lentigo,
384 995 522 1078 fn'rrago,
545 993 701 1077 lumbago,
724 993 866 1081 lappago,
889 998 1027 1083 salsugo,
1050 1021 1173 1084 asperu-

61 1118 119 1182 go,
142 1095 287 1181 mollugo,
311 1098 363 1160 sed
384 1097 417 1159 in
438 1098 531 1161 verbo
554 1095 727 1160 continetur
747 1099 798 1161 vel
819 1120 968 1184 paragoge
991 1111 1025 1165 ut
1045 1104 1174 1188 scalptu-

59 1200 147 1284 rigo,
172 1198 318 1282 csurigo,
347 1199 470 1283 prurigo
478 1246 489 1275 ,
519 1197 581 1291 vel¹
627 1198 742 1263 imitive
765 1213 799 1265 ut
820 1202 969 1285 suffrage,
1000 1206 1176 1270 terminatio-

60 1314 162 1368 antcm
183 1302 362 1387 paragogica
384 1301 442 1364 dici
463 1296 581 1385 potest'
617 1301 798 1387 impetigo,
829 1306 933 1389 origo,
960 1307 1097 1392 vertigo,
1126 1309 1173 1373 in·

59 1405 191 1489 tertrigo
213 1398 482 1493 (παράτριμμα).
529 1403 586 1466 Sed
613 1405 716 1468 addam
744 1407 876 1490 paullum
903 1407 1023 1492 aliquid·
1040 1411 1077 1475 de
1103 1410 1172 1475 aliis

59 1509 335 1573 terminationibus.
380 1506 506 1570 Romani
533 1507 627 1593 igitur
657 1528 710 1591 pro
737 1509 839 1573 scribe
866 1509 1038 1575 maluerunt
1066 1513 1171 1578 scriba

59 1612 183 1687 dicere,
214 1612 291 1697 qnod
314 1609 438 1674 Graecis
466 1618 607 1693 negatum
630 1620 696 1687 est,
727 1624 823 1693 neque
846 1611 974 1675 alterum
1000 1615 1170 1699 exemplem

57 1714 184 1797 praebet
210 1712 321 1776 latinus
343 1732 464 1789 sermo;
502 1733 569 1774 nam
591 1712 696 1798 perde
718 1732 772 1796 pro
793 1714 927 1797 perditor
949 1714 1110 1782 Salmasius
1134 1720 1173 1783 ad

57 1802 192 1913 siml.
215 1816 321 1880 XXX.
344 1814 420 1900 Tyr.
445 1836 472 1878 o.
495 1814 607 1877 XVlll.
633 1835 706 1894 suo,
732 1825 767 1878 ut
788 1816 914 1893 dieitur,
937 1818 1034 1883 Marte
1057 1820 1170 1883 conlin-

56 1919 119 1995 xit,
132 1918 240 2003 'neque
260 1919 447 2003 apposite-ad
462 1917 552 1981 Trcb.
569 1917 675 1981 Claud.
693 1939 720 1981 c.
736 1916 820 1983 XlV.
837 1917 912 1984 391.
937 1941 1015 1984 curo
1033 1922 1172 2005 uocem)

58 2031 212 2105 comparat
233 2020 387 2109 synthetis
412 2041 564 2095 convena,
593 2020 713 2096 incola,
742 2018 941 2107 pffics'perdu,
975 2045 1099 2108 quorum
1122 2024 1171 2087 in-

58 2144 134 2210 gens
157 2124 240 2208 copia
262 2123 410 2208 suppetit:
446 2123 586 2198 conviva,
611 2125 751 2210 confuga,
776 2112 960 2211 heredipeta,
982 2119 1167 2212 frugiperda,

55 2226 202 2302 buoaeda,
225 2225 385 2310 parricida,
408 2224 554 2310 legirupa.
592 2227 667 2290 Tum
689 2227 721 2290 in
743 2251 781 2292 ee
803 2241 918 2293 exeunt
937 2250 1072 2314 promus,
1096 2252 1168 2295 con·

55 2331 132 2407 dus,
164 2327 295 2413 coquus,
324 2312 464 2413 mergus,
495 2350 601 2413 eropus
624 2339 655 2392 et
675 2328 851 2393 femininum
874 2331 977 2408 traha,
1010 2354 1085 2415 quae
1110 2334 1170 2398 etsi

55 2432 150 2518 vulgo
176 2445 231 2517 pro
259 2431 455 2498 substantivis
482 2431 688 2515 accipiuntur,
727 2442 827 2495 tamen
854 2432 929 2495 nihil
956 2434 1037 2496 alind
1064 2435 1170 2499 valent

55 2556 146 2620 quam
167 2534 315 2620 stjccuva
336 2534 462 2610 suedos,
492 2534 591 2608 seius,
622 2554 747 2616 parcus,
775 2533 864 2597 vivus
888 2544 947 2596 etc.
978 2554 1074 2617 neque
1104 2537 1169 2599 exi·

55 2660 134 2751 gnus
156 2649 205 2701 est
225 2639 452 2722 conjugatorum
474 2645 656 2720 proventus,
679 2635 844 2721 aquilejus‚
867 2633 1049 2719 bustirapus,
1073 2637 1168 2723 capri·

105 2808 108 2813 ,
160 2762 193 2816 s,
218 2740 421 2825 ornrilragus,
444 2739 634 2822 dentilegos,
657 2738 848 2815 domiducus,
872 2738 1046 2821 funirepus,
1069 2760 1167 2804 mero·

17 2739 161 2933 sl:
191 2842 332 2907 vinibuus
358 2846 390 2922 (a
411 2844 489 2919 buo,
520 2842 599 2904 nude
622 2843 816 2925 compositum
844 2853 892 2906 est
918 2841 1037 2916 imbuo,
1069 2841 1175 2906 idest

51 2930 158 3011 bibere
179 2945 297 3029 facie),
323 2944 494 3031 legirupus,
523 2943 701 3031 pilicrepus,
727 2945 950 3020 sooiofraudus,
977 2942 1165 3019 testitrahuS,

52 3050 249 3124 turicremus,
271 3046 436 3122 velivolus,
459 3047 626 3131 viviparus,
648 3068 808 3132 puerpera,
833 3046 1000 3122 noctiluca,
1027 3057 1058 3110 et
1079 3066 1166 3130 para-

53 3152 217 3241 syntheta:
243 3170 434 3234 consequus,
458 3150 628 3230 pronubus,
652 3151 793 3234 prodigus
817 3160 876 3214 etc.
900 3149 1006 3234 quibus
1028 3150 1167 3234 adjacent

32 3255 163 3341 partim
184 3253 372 3322 substantiva
393 3251 530 3336 perfuga,
553 3251 703 3336 lucifuga,
726 3253 880 3336 legirupa,
903 3254 1071 3335 bubsequa,
1098 3273 1167 3336 par·

51 3359 108 3439 tim
137 3357 324 3432 eommunia,
358 3376 432 3438 quae
456 3375 545 3437 supra
567 3355 712 3438 exposui,
746 3354 790 3417 sio
818 3365 853 3417 ut
879 3354 915 3417 ab
944 3354 1047 3420 eedem
1073 3355 1166 3417 verbo

16 3430 145 3555 jhc
167 3460 279 3545 duplex
307 3458 424 3523 oriatur
444 3459 558 3523 forma:
591 3444 730 3541 ‘praecox
754 3466 787 3520 et
807 3477 1011 3541 praecoquus,
1042 3455 1165 3540 panifex

43 3600 85 3619 .-.·..,

120 3724 167 3790 26)
191 3724 293 3777 lesaiac
316 3727 444 3792 interpres
467 3738 576 3790 graecus
599 3738 655 3799 cap.
676 3722 725 3783 50,
748 3722 774 3776 9.
799 3714 846 3790 σήι
868 3709 1057 3792 καταφάγεται
1080 3712 1165 3783 ducis,

48 3811 149 3881 Aquila
166 3807 212 3879 σὴι
228 3807 246 3878 ἢ
262 3809 376 3882 βρῶσις,
396 3827 441 3878 pro
460 3828 510 3879 quo
528 3810 666 3874 Procopius
683 3803 792 3877 βρωτὴρ
810 3806 962 3869 substituit,
981 3806 1059 3860 sicuti
1075 3802 1161 3857 homo

10 3858 135 3959 *sicum
152 3892 284 3950 ’nocete
300 3894 375 3951 θεῶν
392 3901 494 3968 γένεσιν
510 3904 614 3948 veteres
631 3896 838 3962 interpretantur
854 3897 969 3960 γινὲτην.

118 4000 165 4067 27)
183 4001 278 4066 Fugee
290 3999 424 4052 Columell.
438 3999 475 4052 X.
491 4000 549 4057 125.
569 3999 636 4066 quod
650 4015 696 4065 pro
711 3999 817 4064 fugitivi
832 3996 972 4061 occipiunt,
990 3992 1168 4048 Schneiderus,

46 4087 181 4143 commode
199 4102 256 4139 eum
274 4068 366 4153 graece
385 4082 418 4141 αἱ
431 4087 512 4159 φυγαί
528 4101 574 4154 prp
592 4080 706 4157 φυγάδες
721 4085 804 4152 posito
822 4082 931 4135 confert.
