2506 4492
286 176 345 244 uu
372 173 539 245 uouru.
568 175 738 244 uoucs.
769 176 805 243 c.
829 175 875 265 ιι.
903 178 932 264 t·
956 178 989 259 1·
1129 178 1200 249 ιιι

80 357 183 452 fixas,
215 377 302 440 φιιιιι
324 376 365 420 ex
386 355 481 421 futuri
508 343 659 443 (συρίξιι)
686 357 886 424 declinatione
912 356 1089 443 anticipatus
1112 378 1195 425 esse.

79 459 141 524 Est
162 459 243 524 euim
265 459 386 523 tertium
410 480 524 544 genus,
550 461 627 544 quod
649 471 679 524 et
700 460 836 525 vocalem
858 471 891 524 et
910 473 1125 526 consonantem
1145 462 1196 526 ad·

80 563 215 626 diliciam
244 560 352 625 habet:
399 553 527 628 ἁκιέλλω
560 558 710 644 cundici,
752 557 824 630 ἄνω
855 557 941 639 ἄναξ
972 563 1020 645 (ut
1048 584 1067 628 a
1094 563 1195 631 verbis

80 663 264 750 synonymis
291 657 445 750 κράντωρ
476 676 507 728 et
533 663 688 751 τελεστής
717 665 746 729 id
775 676 823 731 est
850 660 968 790 ι’ἶργωνΙ
992 665 1025 729 iu
1053 665 1193 752 luscript

79 767 157 830 Elea
176 765 234 829 Xl.
258 787 288 850 p.
307 765 363 832 26.
389 767 479 850 Corp.
500 766 595 832 luscr.
617 769 686 832 Vol
707 767 768 851 l.,)
799 767 903 855 σαίρω
928 764 1067 857 σὴραγξ,
1096 761 1194 856 pcipe

78 860 213 955 φιῖριιγξ
231 867 374 953 (vorago)
394 879 426 933 ct
447 862 577 959 φάρυγξ
595 874 644 951 (ut
664 866 811 959 ιῖλαλαγξ
829 882 861 936 el
879 866 1051 963 ridellum),
1075 863 1194 957 πήσοιι

74 963 214 1048 πιῖσσαξ
229 961 418 1057 (πάσσαλος
433 973 598 1057 pessulus),
618 966 727 1040 σάλλω
745 967 861 1055 collui,
879 966 1018 1060 πλήσσιι
1033 969 1195 1061 πλάστιγξ

76 1072 188 1137 Galen
209 1072 310 1137 Gloss
334 1095 364 1159 p.
384 1073 459 1139 546.
497 1076 579 1139 llaec
600 1087 700 1140 autem
723 1076 749 1140 si
771 1097 790 1141 a
812 1076 913 1141 verbis
933 1076 1109 1162 repetimus,
1133 1076 1194 1142 uti·

76 1196 138 1260 que
159 1177 252 1239 verba
274 1177 404 1262 intelligi
427 1178 566 1243 volumus
589 1200 650 1241 non
673 1179 810 1243 omuibus
832 1178 895 1242 suis
912 1178 1045 1263 partibus
1061 1178 1194 1264 perlecta

76 1288 110 1343 et
130 1278 269 1342 absoluta
291 1281 343 1343 sed
365 1281 475 1365 stirpes
505 1290 536 1344 et
558 1281 641 1365 qnasi
664 1281 780 1345 semina
801 1282 975 1346 verborum.
1016 1279 1057 1346 Ut
1077 1291 1194 1345 certum

78 1379 218 1464 quiddam
241 1382 371 1466 exempli
394 1404 484 1446 causa
505 1404 631 1469 ponam,
661 1375 745 1470 βλάξ
768 1392 799 1447 ct
820 1382 960 1468 deinceps
980 1375 1133 1469 μαλακός
1156 1403 1193 1451 ιι

72 1478 240 1569 pusiniaco
270 1495 368 1548 ortum
397 1506 465 1548 csse
493 1485 559 1549 dico
586 1487 623 1549 eb
647 1497 748 1571 etymo
772 1486 862 1572 plui,
894 1485 970 1569 quod
998 1506 1039 1551 ex
1063 1481 1193 1584 μωλύς,

73 1584 196 1662 mollis,
223 1587 341 1664 malva,
370 1582 526 1676 psaltim,
552 1579 698 1677 μολόχη,
725 1586 868 1672 pellucet.
910 1587 976 1651 lloc
998 1597 1098 1652 eutem
1119 1589 1192 1676 για).

75 1709 167 1804 quum
189 1688 225 1751 ab
249 1709 301 1752 ore
322 1700 353 1753 ct
372 1690 494 1755 auribus
513 1689 697 1754 Graecorum
718 1689 907 1764 abhorreret,
930 1710 1090 1774 quumque,
1114 1688 1193 1775 quod

75 1789 251 1875 proximum
274 1803 357 1868 crat,
379 1783 486 1879 μάλς,
509 1791 710 1876 displicuisset
731 1793 768 1855 ob
789 1791 1031 1855 terminationem
1054 1812 1113 1855 uuo
1133 1812 1191 1859 ,ex-

76 1892 178 1985 emplp
197 1889 259 1966 ἅλς
280 1914 385 1977 parum
407 1905 596 1970 excusatam,
620 1916 712 1959 uuum
734 1904 892 1978 supererat
911 1883 1034 1980 pultat,
1058 1894 1111 1958 sed
1133 1893 1190 1959 boc

75 2016 193 2078 quoque
221 1996 313 2060 cessit
339 1997 487 2060 incertum
516 2018 572 2081 qua
600 1998 636 2061 de
659 2017 750 2061 causa
770 1997 904 2063 breviori
924 1988 1028 2084 βλάξ·
1062 2016 1190 2081 namque

75 2090 166 2184 μάλξ
188 2119 249 2161 non
270 2099 365 2183 magis
388 2101 554 2184 probarunt
573 2120 663 2193 quam
681 2093 752 2176 sill.
781 2099 921 2184 ‘Denique
943 2096 1120 2185 synaeresin
1141 2118 1190 2163 se·

74 2209 167 2284 quula
194 2210 242 2263 est
268 2201 423 2284 productio
447 2201 562 2264 vocalis
586 2199 671 2285 alpha
700 2213 809 2267 natura
830 2201 950 2280 brevis,
981 2201 1071 2267 sicuti
1098 2199 1187 2288 πέριι

72 2295 228 2391 πρήσσω,
251 2301 340 2369 rodco
363 2294 518 2388 πτήσσω,
541 2302 644 2370 onitu
668 2297 818 2391 σκληρός,
839 2300 940 2370 θάνω
962 2305 1105 2391 erpere,
1127 2295 1190 2373 δι’·

72 2428 181 2491 μασις
202 2403 336 2490 δμῆσις,
359 2397 516 2493 depressio
538 2401 681 2493 δμκηιήρ.
714 2407 819 2489 Neque
841 2426 985 2489 negamus
1004 2406 1068 2470 lieri
1087 2428 1187 2492 posse,

72 2504 279 2589 utspolrnulla
303 2508 424 2572 illorum
451 2509 622 2583 nominum,
654 2529 728 2592 quae
750 2506 920 2571 verbalibus
945 2508 1187 2586 adnumeremus,

73 2609 284 2674 aunmiuibus
306 2621 404 2674 ortum
428 2609 556 2673 babeant
577 2608 664 2674 hodie
685 2608 823 2684 amissis,
846 2618 881 2671 ut
902 2599 1053 2694 δριῖπαξ,
1076 2601 1188 2688 δόναξ.

73 2713 244 2798 Eademque
267 2712 411 2777 dubitatio
433 2713 469 2776 de
491 2704 628 2802 χάσκαξ,
651 2705 799 2798 τρύφαξ,
819 2702 922 2798 βόαξ,
944 2708 1078 2777 illiucinc
1101 2714 1189 2779 ducta

73 2815 156 2893 siut,
187 2826 221 2879 ut
245 2815 339 2878 latina
361 2835 477 2892 vorax,
506 2837 623 2891 verax,
653 2815 749 2892 edax,
778 2834 887 2892 emax,
918 2834 957 2878 en
979 2833 998 2878 a
1019 2814 1188 2882 nominibus

74 2919 156 2983 unde
177 2916 304 3002 plurima
325 2917 415 2996 talin,
445 2917 640 2982 atritoclitis
660 2916 730 3006 μκῦς
750 2913 858 3003 palai,
881 2915 961 3004 δρῦς
983 2909 1100 3001 dodel,
1127 2917 1188 2994 σῦς

74 3012 162 3096 odel
182 3021 273 3106 piscis
296 3021 345 3101 (ut
367 3011 505 3104 σύιιινα)
527 3043 558 3084 v.
583 3020 678 3105 lutpp.
703 3022 740 3084 ad
761 3019 893 3106 Hesych.
918 3039 945 3083 e.
967 3011 1128 3107 Σύβακιι,
1150 3022 1187 3086 ab

72 3122 144 3188 aliis
159 3122 419 3187 terminationibus
434 3125 542 3209 ἔρνυξ,
559 3114 702 3211 φαύσιγξ
720 3118 907 3208 (pucelle),
922 3112 1046 3212 φιὶτιγξ
1059 3115 1188 3213 (αὐγή).

72 3227 104 3290 Α
124 3225 292 3309 protoclitis
313 3217 470 3312 πλάτιγξ,
501 3220 664 3313 occludet,
690 3223 818 3314 σχίδαξ,
840 3215 990 3312 reciproci,
1019 3217 1188 3312 apellius

71 3322 209 3417 ψύλλαξ
225 3324 354 3415 (pulex),
375 3349 393 3392 a
412 3321 775 3416 φάλος(ρι1ιι)φα’λαξ
792 3327 858 3393 sive
875 3319 1005 3416 pulley&
1023 3327 1187 3414 (palanga),

72 3453 94 3495 a
115 3429 243 3516 πτέιον
264 3429 404 3517 avices,
433 3426 593 3519 eolre
614 3429 740 3519 corle,
769 3421 907 3518 clear,
934 3422 1080 3520 edoce
1109 3430 1188 3519 quor

70 3533 181 3621 Etym.
201 3533 245 3598 Μ.
270 3554 337 3597 cum
355 3530 453 3645 ιλα’ϊγξ
475 3534 645 3611 contendit,
668 3553 688 3598 ι
707 3524 824 3624 triplos
844 3524 963 3623 κόχλαξ
975 3539 1025 3620 ⁷),
1051 3532 1128 3622 qued
1148 3535 1185 3601 ab
1205 3610 1218 3641 ι

69 3742 287 3754 ——

47 3755 52 3764 ι

147 3894 176 3962 7)
201 3896 292 3949 Corsis
314 3897 348 3949 ad
365 3896 468 3949 lleliod
486 3913 513 3964 p.
531 3897 560 3950 3.
582 3895 650 3949 idem
672 3912 729 3950 esso
752 3904 829 3965 petat
850 3896 918 3966 qnod
937 3885 1054 3964 καγληξ,
1075 3882 1185 3964 recipiat.

70 3981 220 4050 Utriusque
245 3985 317 4049 origo
302 3982 455 4037 olmusc
482 3983 593 4036 latinum
621 3984 681 4036 eulx
708 3983 864 4052 (calculus),
900 3983 969 4037 ιιιᾰο
995 3982 1185 4051 recepticium

67 4064 183 4136 naxus.
