2506 4492
110 182 161 250 w
473 169 793 239 ntssultt'nrto
819 167 846 237 1.
894 232 898 249 ,

74 444 77 449 ,
111 354 307 449 ὀφθαλμῶν
327 352 455 419 Herolo.
480 350 520 418 V.
545 349 598 416 18.
628 350 681 415 sel
700 344 947 439 ὄφθαλμαλγία
972 370 1034 415 non
1059 349 1152 425 item,
1181 357 1219 431 ut

70 464 79 481 Ἰ
112 455 336 550 αεφαλαλγία,
360 452 527 544 ποδαλμία
552 465 612 518 eto.
656 452 710 517 IIis
734 473 796 516 non
820 452 917 523 multo,
938 452 1053 518 lenIora
1075 451 1221 515 videntur

113 561 351 653 ἐμισγέσκοντο
374 559 484 644 odyss,
506 557 582 621 XX.
606 554 638 618 tt
666 549 890 642 ἑδροατρόφος
909 556 1038 621 Theoer.
1067 567 1098 621 et
1120 552 1219 619 divisa

113 663 193 742 ὄντ’
218 660 290 731 ἐστι’
318 661 407 746 Soph.
431 660 504 725 0el.
528 656 664 745 (λι-573.
694 653 775 732 nicea
800 663 885 725 ἔστω
916 658 992 723 Plat.
1015 658 1110 743 Legg.
1134 654 1217 721 VIII.

114 768 190 853 834.
214 769 253 832 1).
277 765 360 830 Stob.
381 763 463 827 Flor.
483 759 641 825 LXXXV.
667 759 719 826 Ill.
742 784 772 847 p.
794 759 870 838 187,
889 760 943 825 21.
966 763 1020 827 sed
1042 771 1148 825 eontra
1169 778 1219 824 oa·

116 893 226 938 nouom
248 890 309 934 nou
330 875 466 953 peoeaut.
490 862 598 935 'Nune
618 863 740 929 vooales
762 852 924 931 ordiemur.

646 1102 654 1119 .
680 1052 712 1119 5.
1248 1088 1252 1093 ·

181 1178 281 1246 Schol.
293 1178 371 1243 Ven.
385 1176 421 1240 ll.
433 1172 532 1241 XVII.
552 1056 644 1273 755}
646 1173 771 1263 ψαρῶν
786 1168 841 1240 tect
857 1171 923 1261 τήν
937 1168 1131 1261 εὐφωνίαν·
1153 1177 1224 1243 iant

116 1282 278 1370 3101111.
306 1278 396 1364 583.)
423 1277 628 1365 νολοιοῶς,
649 1269 790 1364 ψῆράς
815 1301 878 1353 us,
914 1298 989 1361 quae
1016 1277 1129 1354 verba,
1161 1277 1223 1342 nisi

117 1389 190 1453 ordo
211 1386 400 1471 perturbatus
422 1392 485 1460 est,
507 1379 564 1443 hoo
584 1378 773 1464 significant,
798 1379 946 1465 propriam
968 1378 1019 1444 vel
1041 1378 1223 1445 homericam

98 1488 247 1555 ¹nominis
269 1488 399 1569 formam,
416 1503 483 1547 esse
504 1480 639 1569 ψηρῶν,
661 1482 739 1567 quod
760 1502 889 1566 sequens
910 1481 1038 1562 Quintus
1056 1481 1122 1546 Cal.
1140 1480 1222 1546 VIII.

117 1590 193 1657 387.
220 1591 328 1675 ψῆρες
348 1585 468 1669 scripsit
495 1595 527 1649 et
545 1583 603 1648 XI.
626 1581 702 1651 218.
726 1580 861 1670 ψήρεαι.
907 1584 968 1648 Setl
986 1583 1052 1668 quis
1074 1584 1131 1649 hoe
1150 1600 1224 1675 ψη-

118 1695 187 1782 ρῶν
209 1691 364 1757 insuavius
385 1709 453 1752 esse
477 1686 578 1751 eredat
605 1708 691 1770 quam
716 1686 854 1771 θηρῶν,
884 1707 941 1769 quo
966 1697 1052 1771 poeta
1076 1688 1224 1773 ipsenti·

117 1811 181 1874 tur,
204 1808 236 1861 et
256 1793 386 1881 πηρῶν,
408 1789 539 1876 μψρῶν,
561 1789 666 1872 quibus
687 1786 738 1851 alii
760 1788 902 1873 plurimi?
928 1788 975 1853 Aa
995 1788 1126 1874 priorem
1147 1812 1225 1855 vero

118 1903 217 1967 loeum
243 1899 300 1961 hoo
326 1896 497 1959 adnotatum
526 1900 590 1952 est:
629 1888 744 1975 ψῆρας
770 1888 824 1957 (lad
849 1886 889 1957 vd
914 1882 1117 1979 κακόφωμομ
1142 1876 1227 1969 w&

118 2002 251 2091 ψᾶρας·
291 2001 358 2063 ἐκεῖ
382 1993 418 2060 at
440 1989 484 2066 ῶς
504 1988 543 2057 τό
564 1992 732 2089 ψαρῶν·
770 1988 873 2077 eripis
896 1993 968 2078 (sio)
993 1987 1121 2086 ξηρῶνῃ
1144 1968 1227 2065 ouilia

51 2166 55 2175 ,
117 2098 281 2190 θερμήνῃ
300 2095 421 2186 φησίν·
446 2095 555 2161 vitiose
573 2094 689 2178 quidem
712 2096 854 2181 seriptum
875 2118 929 2181 pro
951 2100 1018 2163 ἐκεῖ
1035 2096 1071 2163 ‹tt
1088 2098 1225 2185 ψαρῶν,

121 2204 165 2280 ῶς
187 2200 281 2291 αἶψ’
303 2189 539 2289 α’ψξηρῶνῃ,
562 2193 666 2272 αὖθις
688 2196 723 2264 ot
744 2191 964 2289 θερμήνῃ,
993 2200 1045 2263 sed
1067 2200 1227 2266 manifesta

121 2320 222 2374 tamen
239 2303 409 2370 sententia:
433 2297 506 2389 ψῶρ
528 2311 559 2364 et
575 2299 683 2388 ψῶρες
697 2300 859 2385 Antiphon.
873 2301 985 2365 Athen.
1001 2300 1038 2365 Il.
1054 2299 1108 2366 65.
1124 2302 1162 2367 Ε.
1180 2306 1227 2390 ¹⁹)

122 2411 258 2479 nativum
280 2428 360 2486 esse,
383 2406 436 2469 sed
457 2426 510 2489 pro
527 2402 643 2489 ψῶρας
662 2403 719 2467 diei
737 2404 861 2490 ψῆρας,
883 2425 922 2468 ne
941 2404 998 2468 duo
1016 2402 1155 2490 deinceps
1172 2427 1228 2471 uu-

121 2515 241 2580 ‹liuntur
266 2509 370 2594 alpha,
401 2508 481 2572 sieut
506 2503 632 2597 ξηρήνψ
659 2517 780 2592 propter
805 2506 959 2592 triplexp
984 2515 1129 2569 mutatum
1156 2498 1227 2573 esso

121 2619 154 2683 iu
175 2605 313 2701 ξψρῶνψ.
356 2611 410 2673 llis
431 2609 545 2692 laqueis
567 2610 672 2674 oullide
695 2630 728 2673 se
750 2609 903 2694 expediuit
925 2608 1039 2674 Gellius
1060 2605 1145 2672 XIII.
1168 2608 1226 2675 21.

122 2719 284 2805 Homerum
306 2713 458 2776 affirmans
485 2720 517 2774 et
541 2731 629 2793 quum
651 2712 766 2799 ψῆρας
787 2711 900 2775 diceret
927 2712 968 2775 et'
982 2732 1071 2795 quum
1091 2710 1229 2799 ψαρῶν,

122 2828 281 2903 sequutum
304 2833 450 2878 essenon
469 2832 655 2875 communem
677 2813 730 2877 seul
747 2812 893 2895 propriam
915 2813 948 2877 in
965 2832 1141 2898 quoeunque
1160 2813 1229 2879 loeo

121 2920 207 2988 voeis
225 2915 461 3003 jucunditatem
499 2933 568 2976 nam
589 2902 697 2976 utrum‘
710 2924 855 2977 mutatum
877 2915 935 2992 sit,
964 2913 997 2978 iu
1019 2914 1156 3000 ambiguo
1180 2939 1230 2982 ro·

124 3021 251 3106 linquit,
280 3019 333 3084 sed
355 3016 472 3081 nescire
494 3037 533 3079 ne
554 3015 710 3092 videatur,
739 3028 951 3081 asseveranter
971 3016 1066 3081 addit:
1099 3019 1132 3080 si
1151 3021 1232 3084 alte·

124 3145 194 3189 rum
215 3126 248 3186 in
269 3121 401 3185 alterins
420 3121 487 3183 loeo
502 3140 620 3204 ponne,
644 3129 808 3205 utrumque
819 3117 944 3202 feneras
963 3120 1067 3182 sonitu
1087 3121 1231 3189 insnum.

125 3225 170 3292 Ao
192 3226 228 3289 do
250 3222 366 3309 graecis
388 3242 503 3306 quoque
524 3221 645 3286 Homeri
666 3221 891 3306 interpretibus,
915 3220 964 3304 qui
985 3221 1100 3306 ψῶρας
1122 3222 1226 3309 Epigr.

127 3327 237 3412 Adesp.
263 3323 449 3390 CCCCXVI.
485 3322 592 3388 Galen.
618 3324 654 3387 de
675 3322 746 3387 Fae.
776 3323 878 3407 Simpl.
911 3323 988 3387 Med.
1014 3320 1064 3386 III.
1088 3322 1127 3400 o,
1150 3324 1227 3391 551.

126 3432 165 3496 Τ.
181 3429 238 3494 XI.
261 3427 378 3494 Aelian.
399 3426 436 3489 H.
453 3427 534 3489 Ann.
550 3425 634 3488 XVI.
656 3423 687 3489 3.
711 3426 775 3509 (ubi
796 3425 948 3489 Jacobsius
969 3417 1104 3510 ψῶρονς
1125 3428 1229 3512 edidit)

126 3533 250 3620 perinde
278 3540 312 3595 ut
332 3528 453 3614 Κῶρας
481 3539 513 3592 et
538 3528 685 3612 legissent
705 3528 876 3612 saepissime
905 3538 936 3592 et
959 3528 1016 3612 ipsi
1037 3528 1081 3591 ita
1101 3529 1228 3614 appella·

128 3646 210 3711 rent,
234 3633 418 3706 mirumst,
438 3631 515 3694 unde
534 3630 615 3693 illam
636 3631 786 3694 traxerint
802 3629 910 3714 suspici
953 3651 1011 3706 em,
1035 3652 1126 3714 quum
1143 3652 1228 3718 prae·

130 3736 235 3804 sertim
268 3745 355 3820 poeta
382 3734 485 3797 urbem
513 3723 628 3819 Φηρήν
655 3733 781 3818 appellet
810 3729 845 3794 Il.
867 3732 913 3795 .V.
984 3731 1015 3796 3.
1051 3754 1139 3817 qum
1167 3734 1226 3819 ipse

130 3840 201 3906 alibi
221 3831 333 3925 Φηράς
353 3846 458 3912 voeat,
483 3835 645 3899 Dorienses
667 3845 765 3900 autem
791 3828 916 3921 Φαράς.
953 3833 1103 3921 Iidemqne
1123 3828 1226 3924 θήρα,

132 3977 343 3992 μ

204 4063 248 4130 ts)
264 4060 385 4116 Veterem
402 4061 517 4114 mendam
536 4057 619 4132 ψῶρα
636 4059 892 4125 Schweighaeuserus
909 4058 994 4131 fovet.
