2506 4492
96 153 147 219 so
472 124 786 213 o1ssnnrnrro
813 145 838 211 1.

97 331 181 398 orbis
204 321 414 414 Σολόγοργος
434 324 537 410 Steph.
555 346 581 391 s.
597 321 733 413 Ἡραία,
764 335 797 389 et
822 325 855 388 in
878 325 972 390 verbo
994 318 1216 414 ὄβολολονοῖν

27 510 38 537 1,
97 433 211 499 Ane'ed.
227 429 323 497 cett.
337 427 391 506 66,
409 428 443 497 2.
466 428 590 514 Ypsilon
612 439 671 506 ter,
694 448 751 492 nec
769 428 907 513 ampbus,
931 426 1214 518 ἰονλννάθωμος.
1235 511 1245 549 4

605 600 634 683 s·
658 597 691 664 ⁷·
773 592 776 599 ·
1235 553 1245 675 ³.

181 734 338 825 Expositis
362 746 500 801 veterum
524 737 561 800 de
583 735 733 800 vocalium
755 734 962 821 repugnantiis
982 736 1152 821 praeceptis
1174 736 1209 801 ed

98 862 297 911 consonarum
325 838 515 924 asyntaxiarn
543 839 817 922 transgrediemur,
849 860 936 923 quarn
966 838 1087 903 nomine
1120 850 1208 906 tenua

97 944 264 1029 attigerunt
284 940 448 1025 artigraphi
467 940 648 1005 Buttmanno
669 941 852 1025 antiquiores
875 963 911 1005 eo
934 943 1012 1017 loco,
1035 962 1093 1024 quo
1116 964 1207 1027 expo·

97 1059 174 1113 nunt
203 1047 239 1110 dc
266 1044 431 1108 mutatione
459 1044 627 1107 literarum.
674 1044 757 1108 Hanc
787 1044 867 1107 enim
889 1044 1056 1127 bipartitam
1078 1044 1205 1122 iaciunt,

97 1159 240 1235 respectu
251 1148 466 1223 connexionis,
489 1156 522 1212 et
533 1154 677 1230 respectu
697 1146 911 1222 da'olootoruna,
935 1148 988 1209 sed
1002 1147 1039 1210 de
1053 1147 1107 1210 illa
1122 1158 1205 1231 parte

85 1275 159 1318 non
181 1251 246 1335 plns
268 1249 390 1314 tradunt
417 1270 504 1331 qnam
526 1249 562 1312 ad
585 1270 672 1312 usum
694 1249 826 1334 pertinet
846 1247 1069 1313 scholasticum.
1116 1246 1205 1313 Vete-

96 1376 147 1421 res
169 1366 269 1419 aotem
291 1350 497 1425 Grammatici,
521 1361 554 1414 nt
574 1350 606 1413 in
628 1349 764 1415 omnibns
789 1350 988 1437 etymologiae
1008 1350 1141 1435 partibus
1156 1372 1204 1414 aa·

97 1456 286 1523 curatissime
306 1454 421 1517 versati
442 1462 531 1529 sunt,
562 1452 606 1515 ita
628 1452 706 1516 bunc
728 1474 843 1537 qnoque
865 1452 963 1517 locum
984 1452 1062 1516 baud
1082 1454 1204 1519 inorna-

96 1570 160 1624 tum
181 1556 419 1643 praetermisisse
437 1566 591 1639 apparent.
635 1553 770 1638 Namque
784 1555 955 1620 Democrito
971 1555 1015 1619 illi
1027 1557 1203 1641 perantiquo

96 1673 129 1727 et
149 1659 328 1746 percelebri,
352 1657 437 1744 cujus
460 1657 671 1721 Onomasticon
687 1656 796 1721 Pollux
817 1658 1033 1745 praedicat2⁷),
1060 1659 1138 1722 liber
1158 1660 1202 1723 in·

95 1764 224 1851 scriptus
246 1762 304 1825 fuit
324 1760 402 1848 περὶ
427 1754 590 1846 εάφάνων
611 1759 667 1825 καὶ
684 1757 869 1846 ὃνςφάνων
882 1757 1097 1848 γραμμάτων
1113 1761 1199 1843 Diog.

94 1866 149 1930 La.
166 1865 222 1929 lX.
245 1862 301 1928 48.
325 1864 461 1944 idemque
482 1871 690 1943 argumentum
714 1871 860 1926 tractasse
881 1862 1000 1926 videtur
1014 1863 1202 1927 Aristonicus

94 1968 127 2032 in
149 1968 232 2030 libris
253 1960 477 2031 ἀσυντάκτων
497 1958 679 2048 ὀνομάτων
701 1960 786 2027 Suid.
812 1965 854 2041 (in
881 1986 938 2047 qno
962 1964 1201 2048 sequorLebrsii

93 2067 366 2151 lnterpunctionem
397 2066 432 2129 de
462 2064 630 2129 Aristarob.
653 2088 683 2149 p.
700 2064 749 2151 3.)
790 2066 908 2129 Etenim
930 2062 1116 2144 ωὀννταξίω
1143 2088 1200 2130 non

95 2170 192 2234 solum
215 2168 447 2232 constructionis
477 2168 754 2251 inconsequentiam
777 2168 925 2252 signifieat
946 2171 998 2233 sed
1023 2170 1113 2234 etiam
1136 2170 1200 2233 lite·

93 2292 210 2349 rarum,
233 2282 267 2336 ut
288 2271 314 2333 si
335 2270 494 2359 νένωχθε,
515 2269 671 2358 τέτνχθε,
693 2269 812 2334 literam
834 2272 993 2354 aspiratam
1015 2273 1132 2355 accepit
1148 2293 1199 2357 pro

96 2374 194 2452 tenui,
217 2375 246 2437 id
269 2370 309 2440 δι’
331 2370 539 2450 corocottae
551 2375 661 2437 factum
675 2373 784 2435 dicitur
799 2372 946 2437 Theodos.
965 2374 1040 2438 Can.
1055 2397 1085 2458 p.
1103 2373 1198 2449 1019,

95 2475 147 2540 16.
178 2477 324 2541 Similiter
343 2476 435 2542 Orion
458 2498 487 2560 p.
508 2474 564 2552 28,
587 2474 619 2540 6.
645 2471 761 2556 σκάζω,
792 2476 970 2555 σκνζωίνω,
996 2478 1052 2544 eal
1076 2476 1199 2544 ἕνδὲοει

91 2580 157 2647 τοῦ
178 2566 221 2665 ’pa‘
241 2576 443 2665 οκνζμωίνω,
470 2578 527 2645 καὶ
558 2579 669 2670 τροπῇ
694 2578 757 2644 τοῦ
782 2563 884 2659 {ded
906 2578 971 2665 τήν
992 2578 1198 2658 devocatio

93 2679 290 2767 οκνὸμωίνω
313 2680 372 2765 (sic
393 2680 453 2743 ista
473 2679 601 2763 legenda
621 2684 707 2765 sunt)
739 2683 779 2744 of.
802 2682 903 2765 Etym.
926 2683 967 2746 M.
992 2704 1021 2767 p.
1044 2682 1121 2759 314,
1147 2680 1195 2747 10.

96 2784 174 2859 461,
205 2784 237 2847 6.
272 2780 348 2858 685,
378 2781 431 2847 22.
463 2802 534 2862 quas
557 2802 607 2844 res
637 2780 775 2845 credibile
802 2793 848 2845 ost
871 2783 903 2845 in
926 2784 1088 2849 llcrodiani
1122 2808 1197 2850 com·

95 2887 244 2952 mentario
277 2884 355 2972 coepi
386 2879 574 2959 συντάξεως
608 2880 780 2972 στοιχείων
814 2882 860 2969 (ν.
892 2886 1015 2971 Parorg.
1047 2910 1076 2973 p.
1107 2888 1196 2971 484.)

92 2990 243 3055 uberrime
264 2998 407 3053 tractatas
430 3007 509 3050 csse.
562 2983 673 3048 Nostra
693 2996 793 3049 autem
813 2975 956 3051 memoria
979 2989 1052 3053 baec
1075 2990 1197 3075 diligen·

92 3090 153 3157 tius
175 3102 373 3176 persequutus
394 3099 443 3153 est
463 3087 634 3150 Friderious
655 3086 797 3152 Schultze
818 3088 850 3152 in
872 3091 980 3153 tabulis
1001 3091 1117 3156 Lexico
1132 3093 1199 3156 Pas·

91 3194 216 3257 soriano
238 3194 294 3256 Ed.
317 3190 369 3254 lll.
394 3189 549 3275 subjectis,
577 3211 649 3273 quas
671 3190 825 3276 inscripsit
845 3193 882 3255 de
906 3195 1107 3259 cumulatione
1131 3217 1198 3260 con·

91 3294 275 3360 sonantium.
321 3293 493 3377 Quanquam
522 3312 561 3355 ne
582 3292 630 3355 hic
652 3294 768 3376 quidem
790 3295 856 3379 plns
878 3296 1061 3377 propositum
1083 3298 1196 3375 babuit,

91 3418 177 3482 φωοι
201 3409 234 3461 ut
256 3395 466 3461 enumerandis
495 3415 569 3478 quae
599 3397 740 3482 conjungi
762 3407 888 3482 possunt
910 3400 1052 3463 consonis
1073 3402 1198 3465 manile·

91 3509 169 3563 stum
191 3500 317 3574 faceret,
350 3520 424 3581 quae
447 3518 598 3581 nunquam
620 3501 797 3584 conjunctae
819 3500 893 3576 sint,
924 3501 1092 3579 monitam,
1126 3524 1198 3589 qum

89 3621 160 3665 raro
183 3612 302 3678 coeant,
324 3622 421 3687 neque
437 3601 545 3686 magis,
568 3606 644 3687 q'uae
657 3603 730 3667 duas
742 3600 874 3689 syllabas
889 3604 1029 3689 deinceps
1041 3604 1196 3671 inchoent.

91 3757 300 3769 -ῼ-

156 3858 203 3927 27)
220 3858 285 3910 Hine
308 3858 420 3910 sortasse
442 3866 528 3910 sumta
551 3864 592 3909 cst
616 3858 662 3909 illa
685 3860 793 3911 nominis
815 3862 987 3931 Τριτογένεια
1004 3862 1195 3930 interpretatio,

89 3943 120 3993 de
139 3960 190 4011 qua
207 3944 262 3995 dixi
279 3945 306 3995 in
323 3946 447 4012 Aglaopb.
468 3945 486 3997 l.
509 3942 567 3998 157.
593 3952 620 3995 et
644 3960 709 4011 quae
726 3947 758 3996 de
774 3945 944 3998 declinatione
962 3947 1090 4003 nominum
1108 3950 1196 4002 litera·

45 4061 48 4067 ‚
87 4043 144 4079 rum
159 4030 210 4085 coil
227 4026 353 4088 dilectos
367 4037 412 4087 stol
429 4026 552 4102 θὴτατοτ
569 4040 711 4085 narrantur
727 4034 753 4085 in
771 4032 867 4086 Aaou.
885 4048 910 4100 p.
928 4031 988 4087 781.
