2506 4492
34 151 45 187 l
169 186 220 253 nn
243 185 450 254 sunsrunr.
468 187 501 256 r.
523 188 679 256 neuun
704 176 844 256 ranae.
867 188 946 257 reu.
969 191 998 276 ς.
1020 190 1053 257 ⁷.
1100 184 1187 259 ,aaa

73 369 111 432 ad
133 367 225 432 Anlh.
250 367 313 431 Pal.
336 388 366 452 p.
385 367 458 434 199.
483 368 623 432 Phaniam
645 367 701 452 Ep.
724 367 776 433 lll.
802 369 852 433 uli
874 368 1038 435 scribarum
1059 370 1173 435 instru-

72 481 176 534 menta
197 481 364 550 enumerat,
388 472 430 535 itu
451 470 607 555 scripsisse
627 470 1052 556 suspieelqucclsscalidcd
1070 466 1170 539 κανό·

70 595 181 658 canuc
201 566 400 659 φιλίρθιον,
424 568 517 660 ἔργα
540 567 689 659 οἷηελείης
712 573 915 660 carendive,
951 575 1017 642 ναί-
1033 570 1098 642 οοίν
1117 571 1176 641 eai-

71 674 226 762 μίλανον
245 674 406 764 βροχίδα,
435 675 472 738 ad
494 670 717 760 significandum
741 677 896 740 literarum
926 696 1052 762 gregem
1078 677 1175 740 linca-

71 797 140 842 rum
162 775 246 861 quasi
267 777 407 841 claustrie
429 777 604 852 coercitum,
627 787 660 841 el
680 777 861 860 probationis
882 779 948 843 leco
969 779 1174 863 carceralia,

72 898 149 962 quae
166 878 230 963 jam
252 877 428 943 labefactata
450 890 542 953 sunl,
564 877 654 941 affert
672 879 770 962 Apoll.
794 879 819 944 l.
846 877 940 945 12⁰8.
954 879 1078 962 ’δίζετοῑ
1095 904 1176 968 κρη-

70 978 170 1066 ναίης
193 975 284 1063 ἱερδν
304 970 399 1066 ῥόον.
445 980 502 1043 Sed
523 978 581 1042 uec
603 978 670 1043 lucc
693 1000 773 1046 uuna
794 983 927 1047 'codicum
950 983 1094 1069 oneqcuc
1113 983 1175 1049 cdi·-

71 1092 136 1144 tum
158 1092 206 1145 est
226 1080 337 1167 δίζητο
360 1075 485 1167 κρήνης
505 1114 548 1129 --
568 1091 658 1164 alque
685 1080 763 1146 hund
784 1083 848 1147 scic
868 1087 1023 1159 anundus
1044 1087 1085 1151 cil
1106 1094 1176 1152 vcr-

69 1184 110 1248 ba
131 1194 325 1247 controversa
354 1183 396 1246 ila
421 1183 560 1246 dirimere
589 1185 698 1270 ἔρημα
723 1208 761 1249 τε
787 1184 878 1259 λείας
898 1188 1118 1273 ’σημοθίνον,
1140 1196 1175 1253 dl

70 1285 259 1369 significetur
282 1284 355 1369 lapis
377 1285 542 1369 oblongus,
582 1305 647 1367 quo·
667 1284 838 1349 etiamnunc
867 1289 994 1353 scribae·
1010 1292 1055 1355 nli
1076 1291 1175 1355 solent

70 1387 178 1471 parlim
200 1388 236 1450 ad
257 1388 475 1471 deprimendam
498 1387 649 1464 chartam,
680 1407 766 1469 quum
788 1387 1117 1476 descriluul,-·pereim
1137 1392 1174 1457 ad

72 1488 287 1572 designandum
309 1510 452 1565 versum,
480 1488 512 1553 in
537 1509 595 1572 quc
617 1490 703 1553 mode
725 1489 944 1570 substiterunt,
962 1512 1018 1556 ue
1038 1493 1086 1557 rel
1107 1516 1175 1558 sur—

74 1612 141 1654 sum
164 1593 307 1656 aberrent
334 1593 384 1657 vel
412 1593 562 1656 deorsum.
618 1591 652 1655 ln
673 1590 796 1655 loannis
820 1591 895 1663 Gar..
919 1593 1038 1678 Ecphr.
1054 1594 1103 1659 lla
1118 1594 1173 1660 63.

69 1686 152 1779 ὅφιν
174 1695 326 1782 ζωστῆρα
347 1690 498 1780 δεραίης,
532 1693 580 1757 cui
601 1693 699 1757 simile
720 1696 865 1778 estquod
886 1696 1022 1780 sequitur
1041 1718 1081 1761 v.
1098 1695 1173 1762 305.

68 1789 291 1881 οἷμφίζοοστον
316 1792 422 1884 οίείρει
443 1793 598 1863 ποικίλον
621 1796 815 1883 ίρπνσαῆρα
837 1797 933 1884 δίρη,Ι
955 1817 1063 1862 sensus
1088 1809 1173 1863 tene

66 1898 181 1962 -briccsi
215 1909 317 1982 poetae
346 1920 450 1983 parum
478 1920 643 1983 assequor3
673 1899 700 1963 si
730 1899 903 1984 iucurrnpla
934 1911 983 1964 est
1010 1900 1190 1987 mrjpcma'.

69 1998 190 2085 δεραία
217 2021 282 2064 cum
312 1996 434 2088 οὐραία
467 2001 713 2086 comparaverim.
757 2001 790 2065 ln
813 2001 967 2087 Sophoclis
993 2004 1089 2066 uersu·
1112 2001 1175 2087 πῆς

70 2099 251 2175 Ἑναταίας
285 2103 430 2189 ,παγίδος
463 2097 591 2192 δόρπον
616 2105 835 2189 pesitum-esec
848 2126 909 2190 nro
924 2098 1090 2191 Ἑκάτης,
1109 2103 1175 2167 lll-

70 2203 184 2269 lendlic
206 2205 283 2269 Lex.
309 2203 398 2286 Soph.
423 2204 459 2265 Τ.
483 2203 508 2265 l.
533 2205 608 2268 554.
638 2228 700 2270 non
726 2209 887 2272 assentior.
902 2208 990 2272 *sau
1003 2207 1049 2273 iic
1064 2206 1175 2273 neoni·

70 2308 126 2371 dae
146 2307 216 2371 Tar.
240 2305 343 2389 Epigr.
370 2303 519 2367 XXXIX.
568 2361 572 2369 ,
1101 2339 1104 2345 ·
1146 2362 1170 2393 ,Ι

198 2407 260 2494 Mc)
286 2399 357 2495 σοίγ’
377 2403 428 2472 ἐπ’
453 2401 628 2492 οίονόμοιο
650 2405 834 2493 περίπλεον
857 2403 1034 2484 induenda
1145 2446 1170 2469 -·-

278 2510 380 2577 τοῦτο
404 2505 607 2598 χαραδραίης
626 2502 774 2596 δερμδν,
797 2502 915 2588 (illuct,¹
929 2509 1016 2602 ποίης’
1139 2526 1150 2573 l

70 2613 111 2690 si,
137 2622 173 2677 ul
192 2611 468 2704 virisdoclissimis
490 2611 600 2687 visum,
623 2609 715 2686 ἰλύος
736 2612 940 2703 χαραδραίης
954 2616 1176 2700 junganturct

69 2711 123 2783 ἐπ’
148 2713 325 2800 οἰονδμοιο
347 2707 480 2780 cidelare
501 2714 731 2791 inauliluda'ae,
755 2738 816 2779 uon
838 2716 926 2780 video
944 2738 1090 2805 quorsum
1099 2738 1175 2804 ¹per·

69 2819 167 2883 lineat
186 2816 380 2905 περίπλεον,
403 2817 559 2902 potiusque
584 2815 640 2879 lroc
668 2816 727 2880 dici
752 2816 883 2882 arbitror
902 2817 954 2906 μη
980 2818 1062 2911 πίνης
1083 2819 1173 2906 ὕδωρ

69 2919 254 3008 περίπλεον
275 2913 367 2996 diales
391 2913 452 2986 ὦδε
471 2913 540 2985 α’πδ
563 2919 631 3005 (pru
646 2916 717 3004 dccl)
734 2916 900 3006 οίονόμον
923 2919 1101 3011 χαροίδρης,
1124 2920 1174 3003 cuj

70 3024 253 3088 simillimum
277 3024 331 3087 est'
347 3012 546 3109 ἐρημονόαῳ
568 3020 660 3104 παροί
680 3020 763 3112 πίζη
784 3022 885 3086 Noun.
909 3023 980 3087 XV.
1004 3022 1174 3088 waaris·

71 3148 128 3212 quc
151 3137 250 3190 lamen
279 3126 308 3189 id
337 3126 369 3188 in
392 3144 556 3209 paragogae
587 3124 733 3208 exemplis
755 3127 970 3189 numerandum
998 3128 1049 3191 sed
1071 3132 1172 3216 χαρα

70 3227 187 3315 δραίης
208 3227 319 3316 πηγῆς
348 3227 411 3292 vel·
425 3223 562 3314 λιβοίδος
597 3227 836 3311 intelligendum.
888 3227 1057 3312 Eodemque
1085 3229 1172 3292 modu

71 3331 151 3396 solvi
175 3341 274 3415 polest
294 3330 391 3393 Pholii
413 3341 443 3393 el
466 3330 572 3394 Suidae
593 3330 694 3415 glossa
714 3330 825 3404 ionica,
849 3350 935 3413 quam
950 3351 1040 3415 supra
1054 3332 1171 3394 referre

71 3435 180 3498 ellicus
202 3455 279 3508 sum,
303 3429 458 3518 Νικαίην
481 3430 592 3517 νίνην,
621 3431 688 3495 sive
715 3431 788 3495 illud
815 3432 852 3494 ad
872 3432 962 3494 diem
986 3430 1174 3496 victorialem

69 3537 203 3601 refertur
223 3537 289 3600 sive
309 3536 345 3598 ad
366 3532 521 3615 ταινίαν,
543 3536 628 3620 eujus
657 3535 741 3598 nolio
765 3534 952 3599 adhaerescit
974 3535 1065 3598 'verbu
1080 3528 1174 3601 ὀἴνα-

69 3637 181 3724 δησαι,
205 3635 267 3705 οόν
293 3633 480 3723 νικήσαντα
504 3636 678 3704 ναινιοῖσαο
701 3637 785 3699 Suid.
807 3637 924 3720 dicique
951 3636 1046 3721 poluit
1066 3632 1174 3702 νιναί·

70 3762 116 3809 αν
140 3733 326 3825 ἀνεδήσατο
353 3762 408 3825 pre
435 3738 534 3824 νίκην
558 3749 592 3802 ut
624 3735 732 3827 οίρχήν
760 3741 790 3803 el
826 3735 925 3815 δόξαν
953 3733 1169 3805 cccccccccc

69 3843 137 3908 sive
157 3843 195 3905 ad
224 3842 327 3920 deam,
358 3863 433 3928 quae
460 3843 496 3904 ab
524 3841 632 3904 Atticis
653 3838 788 3927 Ἀθηνᾶ
812 3841 908 3928 Νίκη
933 3851 1174 3925 nuncupatum
1208 3836 1211 3841 ’

68 3942 178 4010 Nonne
198 3944 358 4009 XXXVll.
382 3943 457 4011 623.
474 3939 624 4017 Παλλοίς
649 3941 801 4030 Νιναίη,
823 3944 1040 4027 mulierumque
1062 3960 1172 4021 nemen

68 4056 117 4113 est
137 4044 234 4135 Νίκη
254 4058 287 4112 ct
306 4046 449 4128 Νίκαια,
471 4045 620 4134 posterius
650 4045 741 4111 eliam
761 4045 896 4124 urbium,
925 4067 1001 4131 quae
1021 4043 1173 4132 parum-a
