2506 4492
230 136 747 210 ananthontttttotttt.
771 137 973 230 G.V.§.5.
1088 139 1158 211 Μ
1216 210 1224 221 ,

54 345 120 417 νον
141 317 239 410 ἅρμα
259 321 359 388 Nonn.
377 320 453 386 XX.
474 310 548 387 tet.
572 318 676 403 deinde
697 319 869 404 perfacilem
888 320 982 386 luisse
1004 320 1158 389 anonam

56 427 199 515 syntaxis
222 425 453 502 devitationem,
482 444 559 509 quaa
580 423 727 487 delitescit
750 423 783 486 iu
805 424 920 488 casibus
941 424 1078 509 paribus,
1108 424 1161 496 dl·

56 536 131 620 ζνγι
150 525 235 616 πυρί
255 527 357 593 Noun.
379 526 481 591 XXll.
505 524 581 591 352.
609 537 774 615 στοιχεῖον
795 521 963 616 ὅμόζανον
983 521 1080 616 ἄζανι
1099 525 1163 615 pel-

58 637 118 710 tec
133 631 215 697 XLI.
236 629 312 696 381.
336 649 411 715 quae
431 629 528 715 poetis
547 627 691 714 promtius
713 629 919 694 condonantur
938 622 1026 714 ριἰειιι
1044 630 1162 696 Platoni

58 736 149 800 Polit.
173 731 249 801 265.
273 733 312 796 1).
339 731 427 821 γένει
448 729 493 819 τῷ
514 726 656 821 pericope.
700 730 866 818 Paronyma
888 732 961 796 haec
984 732 1065 797 iutra
1087 735 1162 800 duos

58 837 161 902 exitus
193 835 403 899 continentur:
443 835 605 922 αἰνῶννξ,
636 833 827 920 poppaeae
858 844 889 899 et
916 832 1163 927 γαμψώνυχος,

57 937 219 1028 papaver
242 937 308 1001 sive
329 935 447 1022 μῶναξ
467 949 498 999 ct
518 931 734 1025 μονώννχος,
763 936 952 1028 pordano&
971 930 1164 1024 μονάμπυ-

58 1066 135 1121 eor,
156 1037 367 1124 ταναατέρνξ
387 1037 655 1126 ταναατέρυγος,
682 1037 884 1126 φερεπτέρνξ
906 1040 1169 1129 φερενννέρνγαιι,1

59 1144 141 1209 unde
163 1142 349 1226 perspicuum
370 1141 420 1217 fit,
447 1136 490 1207 sol
513 1138 695 1226 διπτέρνγα
715 1139 806 1202 Auth.
827 1140 890 1205 Pal.
907 1142 945 1208 V.
970 1165 1002 1206 n.
1022 1142 1096 1207 151.
1119 1143 1165 1210 acl

58 1235 277 1336 γαμψώνυχα
302 1243 408 1309 Jamhl.
432 1243 531 1306 Protr.
560 1243 634 1305 XX.
664 1239 737 1306 350.
776 1236 991 1333 εὐπτερύνων
1017 1245 1165 1333 λέκτρων

59 1348 163 1414 Nonn.
186 1345 346 1411 XXXVII.
375 1366 516 1430 quorsum
544 1344 703 1408 referenda
729 1341 801 1407 sim.
847 1343 1067 1432 Sardonychas
1089 1369 1165 1414 vero

61 1462 93 1515 et
113 1441 293 1536 εἰναννχής
314 1446 406 1524 illud,
428 1447 455 1511 si
477 1447 545 1530 quid
567 1446 635 1510 fidei
657 1444 785 1522 hahent,
809 1468 876 1510 eum
898 1443 1084 1538 εὐῤῥωνής,
1104 1451 1167 1519 λυ.

39 1547 235 1644 ιαιςρλεβής,
256 1541 477 1636 λιποσαρνιῖς,
498 1543 708 1639 λιαοτριχής,
730 1549 862 1614 conferri
882 1561 1018 1635 oportet,
1040 1573 1167 1636 qnorum

61 1655 167 1720 ultimo
188 1652 410 1718 assimilandum
432 1663 478 1716 est
503 1651 601 1736 σῶμα
623 1642 816 1742 δασύτριχες
840 1652 913 1736 (sic)
941 1652 1028 1742 τριχὶ
1050 1655 1168 1745 στερεᾷ

62 1757 216 1821 Polemon.
238 1753 400 1841 Physiogn.
421 1751 592 1831 t.5,193.
617 1753 1169 1838 nisiipsiusaocentusindiciosim·

61 1859 136 1946 plex
157 1852 242 1926 deod
263 1857 369 1942 reponi
391 1857 496 1933 dehet3
527 1856 580 1926 sed
602 1848 779 1943 (teodorae,
802 1857 878 1941 quod
900 1856 1076 1943 Sylburgius
1098 1879 1168 1923 sua-

62 1962 127 2037 det,
149 1960 271 2045 regulae
294 1958 489 2023 eontrarium.
523 1951 647 2045 Ατρύξ
669 1960 830 2044 composita
851 1960 939 2023 unius
960 1971 1033 2026 sunt
1053 1961 1168 2027 formae

62 2057 224 2152 d'cpoyor,
251 2052 524 2148 ὑπότρννοςμ-
480 2060 749 2125 -Nominum'
740 2084 773 2125 ιιι
801 2066 843 2137 orl
870 2082 962 2125 unum
989 2061 1021 2125 in
1049 2074 1168 2146 promtu

64 2164 247 2248 exemplum,
271 2164 376 2244 quod'
368 2184 400 2225 m
418 2163 532 2249 Aneod.
549 2163 644 2227 Bekk.
664 2186 694 2248 p
713 2161 807 2228 1267.
828 2163 953 2228 affertur
970 2185 987 2228 e
1003 2165 1167 2250 Sophocle.

62 2266 83 2336 d
112 2260 149 2333 d'
180 2259 274 2331 ἔνθ’
307 2258 455 2338 ὅπλοις
487 2260 643 2353 εἶρώξιν
672 2262 912 2351 Ἡφαίστου
943 2266 1167 2358 τεχνιτον·

61 2367 167 2439 τοῦτο
189 2362 253 2454 γάρ
274 2363 359 2432 aare
381 2362 630 2454 μεταπλασμὸν
651 2363 720 2434 εἷπό
740 2366 803 2433 coti
823 2363 1004 2459 ἀρρήκτοις
1024 2365 1169 2458 γενόμε-

63 2495 131 2542 νον
152 2470 214 2537 τοῦ
235 2456 262 2556 ἦ
275 2467 463 2559 τραπέντος
484 2474 531 2544 εἰς
552 2467 590 2537 τό
612 2457 639 2537 ὦ
656 2469 930 2558 προπερισπᾶται
949 2471 1006 2538 καὶ
1023 2468 1065 2538 cai
1081 2496 1169 2559 προ-

63 2567 290 2665 παροξύνεται
311 2572 397 2639 seed
414 2597 476 2647 τας
495 2573 826 2660 μεταπεαλασμένας
846 2563 1037 2652 docende*
1012 2597 1168 2661 αστρασι,

64 2669 262 2767 πρόβασι,
249 2681 374 2763 ε’γνασι.
407 2675 560 2760 Sophoclis
578 2677 716 2742 verba
692 2699 735 2741 sre
757 2676 866 2762 corrigi
884 2688 1009 2778 possunt
1029 2666 1169 2746 coddoe'

64 2775 185 2855 ὅπλοις
198 2773 349 2869 εἷρρώξιν
362 2774 407 2845 H
409 2777 555 2866 puteaco
572 2779 684 2871 τέχνη,
704 2780 802 2846 induit
820 2766 984 2862 (Achilles)
998 2801 1081 2846 mma
1096 2779 1171 2847 Vul-

67 2882 177 2959 caum,
157 2866 229 2945 *ut
250 2880 394 2948 ddecet
379 2885 549 2948 ἐνέντεσι
570 2882 672 2962 Quint.
695 2880 751 2946 lX.
765 2880 828 2946 68.
854 2893 885 2946 et
907 2880 981 2947 541.
1005 2881 1063 2949 ddc
1084 2877 1171 2950 καλοὶ

66 2977 185 3075 τεύχεα
201 2983 267 3048 Vll
285 2981 359 3048 440.
393 2984 605 3069 Metaplasmus
623 2995 722 3051 autem
744 2983 800 3048 hoc
822 2985 888 3049 loco
910 2984 1023 3060 nullus,
1046 2986 1098 3048 sed
1118 3005 1170 3070 ge·

68 3108 176 3152 nerum
199 3088 359 3172 disparium
381 3087 528 3172 copulatio
550 3087 666 3151 casibus
689 3088 871 3152 transversis
893 3107 1053 3163 concessa,
1083 3107 1170 3173 quam

68 3190 121 3273 qari
142 3190 275 3255 devitare
296 3191 475 3265 voluerunt,
503 3184 655 3279 α’ῥρανής
675 3191 819 3255 dixerunt
839 3190 890 3258 vel
910 3184 1090 3280 ἄρρηκτος.

581 3377 609 3462 ς.
634 3377 667 3442 5.

156 3497 253 3580 Quom
280 3507 380 3561 autem
407 3496 501 3561 motio
523 3517 578 3582 per
601 3519 714 3583 genera
741 3510 772 3564 et
796 3498 905 3583 gradus
930 3496 1078 3564 communi
1104 3495 1173 3583 lege

70 3599 281 3677 contineatur,
305 3599 433 3664 strictim
453 3599 619 3684 attingendi
640 3615 710 3668 sunt
732 3601 925 3686 comparativi
946 3613 978 3665 et
998 3599 1173 3687 superlativi

70 3703 107 3768 ah
131 3703 284 3786 adjectivis
307 3702 339 3766 in
361 3687 560 3787 {propagant
607 3705 684 3770 Sunt
705 3713 805 3769 autem
827 3703 1020 3789 perpauci-et
1039 3702 1173 3787 plerique

70 3803 194 3890 proprio
216 3809 339 3888 quodam
360 3825 466 3890 sapore
488 3807 652 3872 usatites.
685 3806 814 3891 primunt
838 3803 1088 3895 ciperopr'ovocor
1109 3822 1173 3868 vox

74 3907 208 3983 comica3
231 3907 355 3972 alterum
374 3909 442 3972 huie
463 3930 525 3972 non
543 3908 686 3973 dissimile
703 3907 921 3998 βλακίστερος
942 3905 1173 3991 aXenophonta

74 4021 269 4094 usurpatum3
292 4012 412 4079 tertium
430 4008 788 4102 μισοποραανίστατει
806 4014 842 4079 ah
857 4009 1055 4097 Aristophane
1072 4007 1174 4073 fictum
