2506 4492
330 1061 891 1174 PRAEFATIO.

166 1477 261 1550 Num
286 1474 356 1546 hoo
381 1501 494 1575 genus
518 1476 694 1550 scribendi
716 1476 849 1576 publloi
873 1478 920 1551 sit
944 1481 1079 1577 saporis
1104 1506 1164 1555 ne·

64 1649 160 1741 seio,
197 1644 260 1718 sed
299 1644 393 1718 idem
430 1643 563 1716 nullum
597 1645 643 1714 ad
674 1644 896 1743 explicandas
922 1653 1165 1746 grammaticas

64 1820 288 1917 quaestiones
313 1815 426 1913 aptius
453 1813 565 1910 duco,
600 1812 735 1886 nullum
768 1837 875 1911 porro
899 1814 937 1884 in
964 1839 1034 1914 quo
1059 1815 1165 1914 hujus

61 1986 266 2085 disciplinae
289 1985 343 2057 vis
369 1994 405 2058 et
435 1985 536 2083 eopia
569 1992 604 2057 et
635 1982 808 2057 subtilitas
840 1983 968 2058 clarius
1002 1986 1162 2086 exsplen-

63 2155 204 2247 deseat,
241 2153 432 2227 dummodo
463 2154 607 2227 materia
637 2155 780 2228 inventu
812 2157 858 2228 sit
891 2154 937 2228 ad
967 2158 1163 2231 ornandum

62 2351 134 2399 non
158 2325 323 2402 inhabilis
348 2335 384 2398 et
414 2350 479 2423 par
502 2327 667 2400 materiae
692 2312 840 2420 artileu,
876 2324 1019 2422 sollers,
1060 2327 1161 2400 indu·

62 2493 166 2563 stains
191 2520 302 2593 eaque
326 2494 433 2566 animi
458 2493 694 2566 obstinatione
718 2504 759 2563 ut
782 2491 840 2564 vel
864 2494 1018 2563 minutae
1044 2491 1160 2590 eujus·

64 2657 141 2729 dam
173 2665 388 2765 quaestionis
420 2685 525 2733 causa
554 2659 646 2733 viam
680 2659 839 2760 mamus
872 2658 1057 2732 molestam
1088 2687 1161 2735 non

61 2824 170 2898 dicam
196 2830 331 2902 emetiri
343 2828 419 2903 'sed
444 2856 643 2924 emensam,
677 2831 709 2902 si
741 2854 798 2902 res
824 2837 969 2927 poseat,
1004 2833 1159 2903 remetiri

61 3021 129 3066 non
162 2995 343 3070 detrectet.
396 2997 536 3072 Vellem
570 2995 732 3098 equidem
765 2997 854 3093 hoe,
897 2944 1002 3097 quod!
1023 2997 1157 3115 ⁴cogita·

61 3166 152 3238 tione
177 3168 328 3266 attingo,
356 3167 451 3240 laeto
476 3144 708 3267 oompmbaro
733 3192 889 3267 possem,
917 3166 981 3240 sed
997 3163 1056 3267 (ue
1074 3168 1159 3266 quid

61 3332 101 3406 ‹le
116 3335 282 3408 facultate
296 3362 375 3412 maa
390 3336 519 3440 dicam)
535 3341 689 3412 animum
706 3338 867 3411 avocavit
878 3304 1058 3435 amplioris
1074 3360 1156 3435 ope·
1207 3354 1213 3366 ⁴

59 3504 104 3573 ris
130 3504 297 3578 onra‘diu
317 3516 398 3582 aute
409 3508 572 3605 instituti,
601 3535 667 3583 neo
688 3509 743 3580 fas
764 3508 901 3581 videtur
920 3505 1155 3605 conditopri·

61 3671 135 3746 dem
160 3651 297 3750 lleoimo
323 3652 451 3779 quinto
472 3677 584 3749 lustro
609 3703 691 3777 spes
717 3675 1041 3778 inchoarelongas,
1069 3672 1156 3745 mihi

59 3833 271 3942 praesertim,
297 3851 359 3950 qui
378 3873 451 3950 quo
472 3847 613 3948 lougius
637 3850 675 3920 in
700 3847 757 3920 his
781 3847 906 3920 studiis
929 3809 1152 3944 progredior,

60 4008 123 4086 loe
145 4020 260 4117 magis
284 4020 399 4093 sentio
424 4044 545 4093 verum
570 4043 647 4092 esse
673 4015 769 4119 quod
783 4016 884 4088 Plato
911 4012 1009 4106 dicit,
1031 4025 1072 4111 'ot
1093 4043 1151 4111 og·
1233 4076 1244 4102 ,
