2506 4492
96 194 163 264 102
356 247 360 252 .
457 182 776 256 otssttttdattc
804 185 848 251 ll.

95 376 232 466 λέσχην,
254 373 280 436 si
300 369 496 455 praesertim,
519 370 554 432 ut
575 367 777 452 Goettlingius
799 365 979 452 suspicetur,
1004 346 1061 450 pro
1083 354 1209 451 δολλής

31 548 35 555 ,
95 479 189 600 valet',
214 495 310 559 neque
332 471 478 556 explicari
499 491 587 555 posse
607 471 739 534 arbitror
761 471 820 533 nisi
840 480 975 533 sumatur
991 468 1149 553 posterius
1170 490 1209 532 ex

95 575 204 668 αἀνής
227 571 384 663 (ἅναγης)
408 584 607 649 contractum,
630 573 712 656 prius
735 596 789 658 pro
811 567 917 658 αὐγέα
938 573 988 636 vel
1011 564 1155 658 oaiye'co,
1179 582 1209 635 ut

73 674 197 773 ¹sp'pe'vot
219 669 718 767 πορδμ6κο1ρ1.Αις.1248.
744 673 933 757 (125611.)
959 673 1119 766 scriptum.
1163 675 1209 738 Ex

95 785 207 872 ignotis
229 783 361 848 lontibus
381 781 550 866 Hesychius
573 779 672 842 hausit
688 775 808 865 Ἀρκης
829 776 932 869 ταχύς
953 790 985 842 οι
1002 772 1178 863 ’seleucis’
1156 802 1208 894 αρ-

95 888 209 967 uncie,
231 887 284 950 sed
305 885 362 950 hoc
384 895 473 947 extra
494 884 629 946 ordinem
652 893 722 945 ante
744 873 849 967 οἷρκόν
870 882 914 945 sic
935 892 970 945 ut
990 876 1120 968 οἷρκίως
1136 881 1207 946 scri·

95 992 191 1079 psisse
211 990 365 1062 videatur,
398 985 472 1050 illud
497 987 625 1049 fortasse
652 1005 693 1048 ex
715 984 905 1069 Euphorione
932 984 1032 1048 aliove
1060 983 1207 1048 sermonis

96 1113 261 1178 mangone,
293 1089 343 1174 qui
366 1108 454 1171 quum
477 1083 649 1175 ποδαρκής
673 1087 761 1150 nimis
784 1087 887 1151 tritum
910 1085 1046 1164 videret,
1080 1085 1204 1150 novandi

96 1217 186 1263 causa
207 1190 315 1265 πόδας
337 1183 441 1277 α’ρκής
462 1191 627 1255 substituit.
667 1189 747 1253 ldem
766 1187 895 1279 Αὐχέες
917 1182 1127 1277 α’ὐχῶμονοι,
1147 1211 1204 1253 unu·

32 1317 36 1325 ·
95 1299 215 1364 tiletum
236 1298 365 1360 fortasse
388 1301 422 1358 ut
443 1294 547 1357 multa.
593 1293 702 1357 Latino
724 1303 818 1355 οιιιοο
846 1291 960 1354 ιιιιΙΙιιιιι
984 1303 1032 1355 est
1059 1293 1137 1376 qnod
1159 1313 1204 1356 re·

95 1402 240 1485 spondeat
256 1380 397 1483 graecum
414 1416 536 1471 nomon,
557 1395 615 1458 nisi
632 1417 672 1458 ex
689 1395 823 1478 genitivo
839 1393 908 1460 τῶν
924 1392 1092 1460 διαντέων
1109 1393 1201 1458 Schol.

96 1502 182 1586 Hipp.
210 1500 246 1563 T.
271 1498 294 1562 l.
320 1498 374 1564 23.
404 1498 515 1582 aliquid
539 1496 638 1580 colligi
663 1507 772 1578 potcst.
819 1495 852 1556 ln
877 1493 988 1580 Goopp.
1014 1496 1131 1561 XVlll.
1156 1495 1201 1571 17,

97 1597 616 1685 4.ἔοέν1δ13κέκβλαβεσκέρας
647 1595 759 1683 νομῆς
790 1592 942 1689 dcccdr'cp
972 1595 1039 1684 κῆν
1066 1597 1202 1678 κοιλίαν,

97 1705 174 1790 quod
202 1703 352 1785 interpres
381 1699 477 1764 reddit
506 1720 549 1763 eac
575 1721 671 1763 ιιοοοιι
674 1702 747 1762 dcem
744 1700 870 1784 'padul
869 1722 904 1777 ο,
943 1702 1138 1766 scribendum
1164 1710 1204 1765 cst

95 1804 382 1897 βλαδαρεοοέρας,
404 1814 439 1867 ιιι
459 1801 491 1865 in
516 1800 624 1865 Galcni
646 1802 802 1866 Glossario
823 1825 877 1889 pro
898 1801 1122 1890 Βλαβεραίι
1098 1801 1203 1894 ονροί,

95 1903 259 2000 μοξαὶδεις
289 1916 373 1971 recte
404 1903 580 1968 emendatur
609 1902 796 1991 βλαδαραί,
841 1907 917 1989 quod
949 1918 1112 1991 cognatum
1144 1930 1203 1974 cum

95 2005 272 2099 πλαδαρόν
295 2009 326 2070 id
347 2018 395 2071 est
415 2004 559 2096 χαῦνον,
581 2001 745 2086 dedendo,
768 2000 889 2094 ὑγρόν,
921 2018 951 2072 οι
974 2030 1042 2072 cum
1066 2010 1204 2099 Hesychii

97 2113 205 2200 glossis
227 2108 371 2182 Βλαδεῖς
392 2101 573 2188 οἲδύκατοι,
598 2105 734 2175 Βλαδόν
757 2103 882 2196 ἄωρον.
926 2111 1007 2174 ldem
1031 2113 1119 2178 nobis
1141 2135 1205 2199 sug·

96 2215 177 2300 gerit
204 2217 346 2298 Δρανεῑς
376 2208 561 2298 δραστικοι,
593 2207 680 2278 ὅθεν
708 2211 765 2279 καὶ
794 2207 968 2303 α’δρανεις,
1006 2217 1093 2300 eujus
1122 2236 1206 2281 causa

96 2318 225 2382 fortasse
252 2314 325 2378 illud
353 2314 453 2377 luctum
482 2324 530 2377 ost
552 2314 631 2377 sicut
651 2311 748 2401 αἰδής
769 2317 807 2379 ad
829 2317 1039 2400 explicandum
1068 2314 1206 2404 oiuotdp‘c

96 2421 199 2507 Etym.
217 2419 260 2482 M.
283 2414 356 2492 101,
377 2413 429 2480 13.
454 2416 605 2502 multaque
627 2418 735 2481 similia
757 2419 789 2481 in
810 2430 876 2482 arte
899 2432 1062 2503 ponuntur.
1107 2421 1205 2486 Paullo

96 2535 167 2588 ante
195 2523 262 2586 loco
290 2519 390 2584 alieno
418 2518 500 2603 (post
526 2516 617 2599 Λοὲξα
619 2523 632 2605 )
661 2525 747 2588 Δαεῖ
771 2514 878 2609 κόσῳ,
910 2526 1100 2612 intepescet·
1139 2546 1205 2588 con·

92 2627 232 2712 junctum
254 2623 383 2686 fortasse
406 2644 472 2685 cum
494 2621 568 2690 Λαν
589 2624 744 2711 μακρῶς,
770 2588 881 2692 πολδν
901 2620 1042 2714 χρόνον,
1071 2626 1204 2712 idemque

96 2727 271 2810 significans
290 2743 357 2785 eum
375 2708 582 2807 decadam).
609 2727 668 2811 Etp
661 2751 709 2789 ιιι.
726 2729 768 2789 M.
789 2726 892 2802 δεικὲς
909 2729 1108 2844 περιφανές,
1126 2732 1205 2817 tou

96 2820 197 2914 πρόν,
219 2822 359 2910 ὅμοιον
390 2817 613 2911 νραφοταιδὲ
635 2829 690 2894 καὶ
712 2827 840 2911 decede,
873 2852 930 2915 quo
952 2832 983 2894 in
1006 2832 1204 2917 explicatione

97 2928 242 2996 homerici
264 2922 401 2999 οἷδεοκές
423 2938 454 2990 οι
474 2929 683 2994 πολοδεοκέα
705 2954 824 3018 φωνην
847 2933 893 2996 usi
913 2934 1067 2998 videntur.
1099 2931 1206 3022 Ἑρεν·

96 3029 167 3118 θήρ
188 3032 300 3116 legitur
321 3031 396 3115 apud
418 3031 542 3095 Aratum
565 3044 597 3095 et
619 3032 780 3117 Oppianum
805 3035 881 3121 Cpn.
902 3035 953 3098 lll.
978 3034 1032 3100 91.
1075 3037 1204 3123 Longius

97 3157 116 3200 a
143 3134 229 3198 verbi
256 3132 450 3197 similitudine
476 3134 639 3199 deflectunt
664 3157 739 3218 quac
766 3138 935 3224 Hesychius
962 3140 1081 3223 profert
1105 3136 1205 3209 Ἠκέα

96 3233 173 3312 ὀξέα
195 3246 227 3299 et
246 3230 345 3308 Ἠκές
367 3228 440 3312 ὀξύ,
464 3248 498 3300 ut
519 3249 550 3301 et
569 3231 707 3325 ἠνεκής,
730 3262 788 3324 quo
810 3241 960 3304 Maximus
982 3242 1080 3306 utitur
1101 3264 1134 3307 v.
1152 3243 1202 3309 64.

96 3348 261 3424 praeeunte
283 3337 462 3423 Empedoclc
491 3362 522 3406 v.
546 3340 654 3406 Lehrs.
679 3342 701 3405 l.
726 3364 753 3405 c.
777 3365 807 3427 p.
832 3342 885 3406 35.
915 3337 1067 3430 'Hpepcp'e
1093 3347 1127 3409 in
1151 3368 1204 3410 usu

97 3442 191 3506 luisse
223 3461 263 3505 ex
295 3442 495 3545 comparativo
527 3439 748 3533 ἠρεμέστεροι
779 3445 888 3510 vitiose
922 3447 1037 3530 colligit
1068 3448 1204 3514 Sturzius

98 3543 207 3628 Opusc
232 3564 261 3627 p.
285 3541 360 3609 236.
387 3546 512 3630 quod
487 3568 514 3611 sr
536 3549 654 3631 probari
676 3559 804 3671 posset,
824 3559 925 3614 mmeu
947 3571 1010 3613 non
1032 3553 1129 3637 magis
1152 3554 1204 3617 huc
1245 3560 1247 3569 '

98 3645 208 3712 referri
229 3656 384 3729 oporteret
407 3669 493 3732 quam
516 3643 644 3737 σαφής,
673 3644 839 3748 deceperis,
867 3646 1015 3769 καναχῆς
1042 3656 1140 3720 semel
1165 3656 1204 3719 le·

99 3760 191 3825 otum,
216 3760 247 3814 et
268 3740 429 3836 λιπαρής,
450 3773 469 3816 a
491 3754 596 3837 quibus
618 3757 710 3819 verba
732 3766 909 3833 nascuntur,
931 3756 997 3840 ipsa
1018 3767 1120 3822 autem
1139 3778 1204 3822 ver·

167 3989 212 4058 ll)
236 3989 309 4058 Quod
327 3992 447 4061 sequitur
463 3986 538 4047 Δοόν
553 3987 732 4068 πολυχρόνιον
753 4004 800 4049 aut
821 4014 866 4066 pro
884 3992 969 4066 δαρόν
985 4008 1139 4068 corruptum
1162 4005 1204 4051 eut

97 4074 176 4142 hujus
193 4078 353 4145 primitivum
371 4087 426 4143 est5
453 4094 500 4148 pro
516 4076 635 4151 Διανδὴι
650 4076 826 4154 πολυχρόνιοι
840 4083 953 4137 fortusse
973 4079 1072 4156 αἶανήο
1091 4087 1200 4156 scripsit.

22 4246 26 4251 '
98 4250 116 4287 l
