2506 4492
69 181 142 253 EM
432 176 745 246 nlssbn'ratdo
767 177 832 245 lli.

71 367 181 446 02030)
219 359 381 444 Praecipue
395 380 469 424 vero
491 360 549 424 duo
570 360 692 424 nomina
705 353 825 449 ῥύγχος
847 368 879 452 et
892 354 1003 447 χεῖλος
1021 356 1083 423 buc
1099 359 1184 425 incli-

74 477 167 532 nante
190 457 390 553 βοςίρυγχος,
406 457 622 552 κακόρυγχος,
638 458 915 549 κλαδαρόρυγχος,
936 455 1181 552 μακρόρυγχος,

71 561 262 656 ὀξύρυγχος,
285 559 529 653 αλακάρυγχος,
552 562 819 654 φοινικόρογχος,
840 559 1051 652 βαρυχειλος,
1066 559 1182 656 ιὀόχςι·

70 674 128 744 λος
142 670 253 753 Geopp.
271 667 342 731 Xll.
364 666 418 742 19,
442 667 476 730 4.
504 661 726 757 χεροίςχειλος,
752 662 949 756 λαγιίχοςλος
969 664 1079 730 Galen.
1104 666 1176 731 lntr.

70 770 208 838 lll.681.
220 771 256 834 T.
267 769 352 833 XlV.
375 762 608 860 σκολιόχοιλρς,
625 769 826 860 φοξίχςιλος,
847 768 917 832 etin
934 769 1021 831 codd.
1029 768 1125 834 Arist.
1141 770 1177 834 ll.
1212 766 1214 773 ⁴

70 872 258 949 A.1v.4,3.
282 866 477 961 λεπκόχοιλα
494 885 526 943 et
546 867 741 962 παχάχςιλα,
764 871 1009 955 bomerieumque
1033 863 1179 960 ἐννεοίχς·

69 980 123 1046 λοι
144 975 282 1041 nonnulli
303 975 493 1058 interpretati
514 987 586 1057 sunt
606 976 854 1065 ἐννοαχςιλςῑς.’
881 974 940 1037 Sed
961 994 1054 1036 unum
1072 993 1113 1036 ex
1130 974 1177 1039 bia

71 1082 218 1144 Homerus
247 1078 284 1140 ad
317 1077 440 1160 primam
470 1077 595 1141 deflexit
621 1079 850 1142 declinationem
878 1075 1004 1161 Anecd„
1025 1097 1055 1159 ρ.
1080 1074 1175 1141 1199.

71 1178 114 1256 ἀς
137 1175 230 1265 παροί
255 1177 293 1244 cd
318 1182 411 1265 ῥῖγος
436 1175 567 1264 γίνεται
595 1174 746 1266 θάςριγος
778 1179 835 1246 καί
863 1176 955 1264 πυροί
983 1176 1024 1243 τό
1046 1170 1178 1264 θοίρσος

69 1283 268 1368 Ἀλιθέρσης
291 1281 348 1346 καί
370 1278 462 1366 παρά
484 1277 522 1346 cd
544 1279 639 1365 ξίφος
656 1276 801 1367 ἀξιφος,
826 1277 914 1347 οὕτω
944 1276 1176 1364 unbounded

69 1387 177 1476 χεῖλος
202 1379 434 1472 ἀγκυλόχειλος
457 1381 629 1450 σύνθετον
649 1384 705 1450 καλ
727 1380 848 1463 λοιπὸν
867 1373 1090 1450 ἀπόἑῐοοςίκου
1110 1408 1175 1449 πα-

70 1479 287 1575 ρασοίνθεκον
310 1482 562 1574 ἀγκυλοχείλης,
591 1481 852 1575 ἀγκυλοχείλου,
874 1487 953 1569 quod
973 1484 1026 1569 qui
1054 1506 1073 1548 a
1095 1476 1175 1574 χηλή

70 1591 266 1676 compositum
298 1599 414 1672 putant,
444 1589 705 1671 reprehenduntur
732 1590 768 1651 ab
790 1589 891 1674 Etym.
922 1589 964 1652 M.
997 1607 1026 1670 ρ.
1062 1586 1119 1662 11,
1141 1585 1173 1651 3.

69 1693 196 1758 Brevius
224 1690 324 1755 Scbol.
355 1690 391 1753 ll.
422 1690 507 1753 XVl.
538 1690 614 1756 428.
645 1688 879 1779 ἀγκυλοχεῖλαι
908 1680 1176 1774 παραοςίνθοτον

69 1800 105 1862 ἐκ
124 1796 187 1862 τοῦ
205 1786 437 1882 ἀγκυλόχειλος
460 1789 483 1877 ἢ
506 1791 549 1866 οἷς
572 1792 611 1860 τὸ
635 1786 804 1860 δεθόκεκαι
821 1790 915 1878 παρά
933 1788 1108 1878 Κρατίνῳ,
1130 1790 1176 1854 vi·

69 1898 147 1962 tione
168 1897 311 1980 scriptum
333 1917 387 1979 pro
410 1894 598 1963 dudeciaco.
644 1897 870 1961 Choeroboscus
892 1897 1007 1959 Aneed.
1031 1915 1062 1978 ρ.
1081 1891 1172 1957 1375.

69 2001 99 2065 b.
125 1995 271 2067 Ἀττικοί
291 1995 492 2063 (λωίοκαίται
518 1999 652 2086 λέγουσι
675 2000 715 2062 oi.
739 1999 819 2061 Ado.
841 1997 878 2060 ad
900 1995 1017 2082 Pbryn.
1046 2017 1076 2080 ρ.
1099 1994 1172 2060 408.

69 2101 150 2182 Ergo
173 2110 207 2162 ut
227 2100 263 2161 ab
285 2101 356 2170 ἔτος
379 2095 559 2183 δωδεκςοής
584 2102 703 2163 ducitur
724 2111 756 2162 et
777 2098 976 2182 (λαιλοκέκκγς,
999 2097 1139 2162 similiter
1157 2119 1175 2162 a

69 2202 177 2291 χεῖλος
199 2192 434 2287 ἀγκυλοχοιλής
451 2210 482 2263 et
500 2195 747 2290 ἀγκυλοχείλης,
772 2223 938 2285 quanquam
953 2201 999 2263 illi
1017 2201 1104 2265 deest
1116 2204 1174 2265 for·

68 2323 118 2368 rna
139 2303 171 2365 in
194 2325 251 2377 ος,
286 2302 370 2386 cujus
399 2303 696 2385 paraoobematismua
724 2305 896 2388 perhibetur
927 2299 1173 2392 ἀγκυλοχείλης.

68 2405 137 2470 Νοο
158 2404 257 2468 minua
279 2405 414 2469 variatur
440 2404 472 2467 in
499 2409 712 2491 compositione
742 2427 851 2469 nomen
876 2418 997 2494 τεῖχος.
1045 2406 1174 2470 Primum

68 2508 245 2594 Apollonius
272 2507 308 2571 de
330 2507 419 2570 Pron.
453 2529 482 2591 ρ.
507 2507 561 2573 38.
590 2509 626 2572 C.
651 2511 686 2574 de
710 2511 798 2594 Synt.
823 2508 861 2571 ll.
894 2506 947 2571 31.
972 2528 1001 2591 ρ.
1026 2505 1104 2572 187.
1127 2507 1174 2571 ubi

69 2602 278 2687 ἀλλοδαπός,
307 2603 482 2695 ἡμεδαπός
508 2622 567 2675 etc.
598 2613 634 2675 ab
657 2610 781 2697 ἔδαφος
812 2611 1006 2695 compositum
1036 2631 1105 2677 esse
1127 2612 1176 2673 de·

70 2713 186 2787 lendin,
216 2712 346 2794 quinque
374 2711 460 2796 hujus
488 2713 709 2778 terminationis
737 2713 876 2796 exempla
902 2712 993 2776 affert
1013 2707 1174 2801 ἀονοφος,

71 3017 147 3081 noph.
169 3011 318 3068 Μέλανθος
338 3020 365 3064 et
383 3005 545 3079 Φάλανθος,
568 3009 719 3087 Πίρανθος
738 3018 811 3069 urbis
830 3032 919 3069 nomon
939 3017 1028 3084 steph.
1054 3014 1176 3068 feminina

70 3097 209 3167 Βνοοίνθη,
224 3095 342 3166 Ἰοίνθη,
361 3098 498 3170 Λυκάνθη
517 3103 611 3154 Aroad.
628 3097 738 3172 οίἀνθη
765 3119 872 3171 quorum
891 3103 1001 3170 primum
1027 3119 1078 3153 non
1095 3101 1175 3166 magia
1204 3098 1211 3130 ί

72 3185 237 3251 compositum
250 3193 290 3236 est
305 3202 380 3252 quam
398 3184 545 3249 Ζοίκανθα,
567 3182 739 3243 Ψαλοίκανθα
754 3188 890 3255 Hephaest.
907 3188 974 3239 Hist.
992 3205 1015 3239 c.
1033 3186 1067 3240 V.
1084 3188 1174 3254 ipsum·

72 3286 121 3337 qne
138 3264 249 3322 ἀκανθα
263 3273 317 3322 sive
330 3267 452 3326 ἄκανθος
467 3273 498 3323 ab
513 3267 562 3338 ἀκὴ
579 3274 739 3339 productam.
775 3271 828 3326 Nec
842 3276 906 3326 satis
921 3282 1020 3325 certum
1039 3276 1107 3341 quod
1119 3272 1175 3325 Sui·

72 3355 249 3414 cosummat,
268 3355 409 3424 φάλανθος
422 3357 577 3422 adjectivum
592 3359 623 3409 ab
631 3354 719 3413 ἀνθος
731 3356 748 3428 ἦ
758 3357 834 3426 baono*
847 3359 916 3429 θρίξ
927 3361 1097 3426 compositum
1109 3374 1173 3410 esee.

71 3437 214 3507 Κήρινθον
234 3441 372 3507 (cerintha)
391 3458 447 3493 cum
467 3440 557 3509 κῆρος,
575 3443 719 3512 ἐρέβινθος
733 3444 881 3514 (limandos,
893 3445 1034 3513 γέρονθος)
1047 3461 1104 3497 cum
1115 3440 1177 3513 ὅρο-

72 3530 130 3595 doc,
148 3539 246 3583 ervum,
264 3534 398 3589 cognatum
420 3529 534 3579 videtur.
567 3527 725 3584 Γαλινθιοίς
747 3532 773 3581 in
792 3528 876 3600 γαλῆν
895 3538 996 3582 mutata
1013 3533 1111 3583 dicitnr
1127 3531 1176 3583 llu-

73 3610 155 3662 tonin.
174 3625 195 3659 c.
212 3610 256 3664 29.
274 3607 412 3679 μήρινθος
431 3621 459 3664 et
482 3616 627 3682 πείρινθος
645 3617 767 3681 producta
789 3624 850 3667 aunt
870 3633 886 3668 a
906 3617 1090 3678 brevioribus,
1110 3619 1176 3684 τερέ-

72 3697 173 3763 βινθος
186 3695 241 3747 slve
259 3699 408 3762 τίρμινθος
427 3699 537 3750 fortasse
556 3716 572 3750 a
589 3703 729 3767 τρίμιθος.
766 3701 816 3754 Sed
834 3697 1007 3768 ἀσάμινθος,
1025 3704 1175 3770 quod-vete-

75 3798 117 3834 res
136 3781 280 3848 copulatum
296 3788 397 3847 putant,
417 3786 559 3852 αίγινθος,
578 3781 726 3850 ἀοίκινθος,
744 3784 899 3855 Κόρινθος,
916 3780 1066 3854 Σάμινθος
1085 3789 1112 3854 (a
1128 3781 1173 3839 ανί-

74 3869 155 3936 poet)
173 3864 371 3937 Προβάλςνθος
392 3875 440 3918 etc.
461 3872 527 3922 unde
544 3880 602 3923 orta
616 3874 677 3933 aiut,
701 3889 774 3924 nemo
792 3874 960 3940 probabiliter
974 3875 1081 3927 docebit.

143 3975 188 4039 ab)
206 3965 389 4046 Μυρκίνεογος
406 3971 530 4025 Matthiae
551 3976 583 4024 ad
604 3976 668 4026 Eur.
690 3975 799 4041 lubfl'.
815 3976 873 4031 139.
896 3978 1004 4030 verbum
1024 3976 1097 4031 nihili
1120 3991 1174 4029 eoae

76 4063 243 4126 pronunciat3
262 4062 284 4112 ai
297 4067 401 4128 propter
413 4059 628 4119 terminationem,
648 4059 758 4111 fallitur.
