2506 4492
91 153 117 202 Σ

100 310 273 414 principio
303 309 395 381 inter
426 330 486 402 se,
527 308 653 383 deinde
684 309 777 409 apud
808 312 932 386 Jovcm
966 313 1083 410 ipsum
1109 336 1196 384 con·

98 483 212 586 questi
240 488 342 570 sunt,
369 480 546 550 incassum
578 505 616 552 se
649 489 703 551 tot
733 489 922 580 tantosque
953 479 1092 555 labores
1118 507 1196 554 sus-

99 655 235 755 cepisse
262 629 407 721 diurnos
432 655 537 746 atque
561 658 774 746 nocturnos,
798 651 868 722 nisi
893 676 981 752 quae
1006 652 1075 748 ipsi
1100 677 1119 724 e
1144 662 1199 724 te-

98 820 218 895 nebris
242 822 280 892 in
304 819 419 891 lucem
445 819 637 914 eruissent,
671 819 717 899 ad
750 803 912 919 posteros
944 828 1110 919 tanquam
1135 818 1199 893 hc·

99 988 283 1064 reditatem
312 998 457 1086 possent
488 991 736 1063 transmittere.
800 989 860 1061 Ad
891 988 1052 1061 ultimum
1085 991 1202 1062 victus

23 1140 25 1147 Ι
100 1159 264 1261 precibus
289 1159 451 1258 Juppiter
476 1156 752 1257 supplicantibus
776 1161 826 1231 ita
850 1160 1033 1258 respondit
1059 1163 1202 1232 concio-

73 1362 74 1371 *
100 1329 305 1402 nabundus:
333 1330 450 1403 Macte
474 1330 603 1402 virtute
628 1338 754 1422 estote,
782 1354 805 1400 ο
830 1327 917 1401 mihi
937 1331 1107 1402 carissimi
1120 1334 1203 1403 Mu-

104 1501 268 1599 sigenas‚
296 1501 358 1598 qui
382 1499 523 1571 mortali
547 1500 705 1599 generati
729 1497 930 1569 conditione
961 1499 1204 1570 immortalita-

101 1680 173 1740 tem
196 1670 360 1768 appetitis
385 1667 574 1741 divinitatis
598 1666 890 1771 praerogativam.
945 1664 1103 1763 Corpora
1126 1668 1206 1765 qui-

104 1834 184 1909 dem
208 1846 326 1908 vestra
350 1814 491 1906 terreno
517 1842 612 1906 creta
639 1835 770 1907 semine
796 1833 1003 1933 compagine
1029 1834 1143 1906 soluta
1168 1839 1208 1908 in

103 2004 274 2078 elementa
295 2000 426 2075 resolvi
451 2028 615 2098 necesse,
651 2030 695 2077 ex
727 2007 805 2105 quis
831 2012 1074 2103 coagmentata
1099 2016 1205 2099 sunt3

104 2174 210 2246 animi
235 2182 350 2246 autem
374 2173 523 2245 vinculis
548 2173 692 2245 relaxati
717 2200 781 2272 per
806 2176 896 2246 aeris
921 2174 996 2247 vias
1021 2184 1209 2271 praepetes

105 2340 208 2415 ibunt
231 2341 324 2416 unde
355 2342 507 2441 profecti
540 2353 642 2435 sunt,
684 2341 729 2414 ad
760 2353 880 2416 coetus
914 2344 1059 2417 deorum
1094 2353 1129 2417 et
1161 2344 1210 2414 ad

92 2496 303 2611 ’spectacula
336 2537 453 2584 rerum
492 2524 713 2584 aeternarum
748 2513 1093 2613 individuarumque.=
1146 2513 1208 2584 ln-

105 2682 208 2753 terim
233 2680 323 2750 ratio
349 2705 370 2750 a
395 2704 451 2751 me
475 2680 562 2750 inita
587 2690 655 2772 est,
683 2705 751 2778 qua
777 2691 813 2752 et
836 2671 900 2753 vos
915 2682 1007 2754 fiatis
1018 2685 1091 2754 voti
1109 2707 1208 2753 com-

106 2858 209 2949 potes
237 2873 304 2921 nec
329 2849 492 2920 Fatorum
523 2846 700 2935 uiolentur
734 2848 871 2923 decreta
906 2852 1088 2923 adamante
1118 2848 1205 2921 fixa.

106 3020 268 3118 Namque
294 3018 440 3090 efficiam
464 3003 518 3111 ut,
546 3042 653 3116 quum
678 3016 761 3089 illuc
782 3019 1014 3116 evomueritis,
1043 3048 1212 3096 sensuum

68 3232 71 3245 ·
107 3197 144 3262 et
169 3166 418 3288 cogitationum
443 3196 636 3258 vestrarum
667 3189 837 3288 imagines
871 3199 1027 3287 perstent
1058 3203 1094 3263 et
1127 3216 1212 3263 cum

106 3354 308 3430 hominibus
334 3358 489 3429 omnium
514 3332 665 3430 aetatum
690 3367 793 3456 atque
816 3359 971 3457 gentium
998 3384 1211 3432 conversen-

108 3537 168 3600 tur
192 3554 379 3628 earumque
404 3528 561 3600 contuitu
593 3538 629 3602 et
660 3529 761 3627 quasi
791 3527 908 3599 afflatu
939 3491 1046 3602 refoti
1075 3527 1121 3599 ad
1154 3555 1211 3602 re-

110 3723 189 3770 rum
213 3697 386 3772 celsarum
411 3700 739 3773 commentationem
764 3723 803 3771 se
827 3699 978 3803 erigant.
1031 3699 1129 3770 Haec
1152 3696 1214 3770 ille

110 3868 271 3963 profatus
306 3866 437 3941 dimisit
474 3869 642 3944 laetantes
683 3877 944 3969 gratantesque.
1011 3869 1059 3941 Et
1090 3867 1134 3939 ab
1169 3892 1213 3940 eo

110 4032 193 4111 inde
218 4047 375 4138 tempore
401 4039 577 4119 omnium,
605 4041 666 4129 qui
691 4037 868 4122 quondam
894 4028 938 4110 'in
969 4038 1112 4139 fastigio
1148 4035 1213 4107 do-
