2506 4492
99 174 160 221 vm

98 344 183 409 nuet
207 331 270 406 sed
296 331 458 433 augebit,
487 330 771 432 quandoquidem
796 332 911 406 adbuc
936 343 1096 432 constat,
1126 365 1198 439 qno

97 503 217 602 plures
231 504 393 602 ¹cuipiam
425 456 582 594 veterum
613 469 823 602 scriptorum
856 507 1068 605 contigerint
1094 514 1202 581 enar?

94 656 250 770 ratores,
279 672 349 746 boc
373 675 557 773 pauciores
581 673 723 746 relictos
748 699 825 748 esse
849 673 969 772 locos,
997 675 1041 750 dc
1067 675 1194 776 quibus

89 838 217 917 'omnes
241 844 335 918 idem
361 847 524 918 sentiant.
578 843 621 916 ld
646 870 715 944 qua
746 848 882 920 ratione
907 849 1062 943 eveniat,
1098 847 1194 921 baud

92 1012 246 1109 inficeto,
268 1008 315 1087 ¹ut
338 1015 425 1087 mihi
449 1014 599 1112 videtur,
627 1016 789 1115 exposuit
814 1014 1084 1089 declamatorum
1097 1029 1191 1092 vete·

92 1209 172 1255 rum
204 1186 323 1258 nescio
356 1187 456 1285 quis,
500 1182 601 1284 cujus
633 1185 849 1287 epimytbion
881 1182 993 1260 hocce
1024 1188 1192 1288 Appuleji

90 1301 242 1424 Floridis
268 1351 504 1453 subscriptum
528 1357 663 1451 reperi:

192 1521 396 1618 „Graecam
420 1549 466 1597 en
492 1524 630 1623 accipe,
658 1524 791 1616 lector,
819 1521 986 1594 fabulam.
1041 1527 1189 1596 Immor-

87 1688 229 1763 talitatis
256 1690 386 1766 donum
410 1691 616 1765 mortalibus
642 1691 852 1763 destinatum
878 1690 1055 1791 quomodo
1080 1692 1191 1789 bajuli

86 1859 248 1931 socordia
271 1864 503 1956 interceptum
535 1869 571 1932 et
601 1858 647 1930 ad
670 1884 760 1960 quos
783 1861 991 1933 translatum
1017 1863 1083 1956 sit,
1111 1863 1187 1933 vul-

47 2086 48 2090 *
84 2030 211 2129 givaga
232 2027 386 2102 celebrat
417 2029 511 2100 fama
545 2029 730 2130 famaeque
754 2030 863 2104 fidem
885 2040 1041 2131 praestat
1072 2058 1188 2104 annua

83 2210 284 2297 serpentum
297 2201 454 2273 vernatio
473 2203 701 2297 perennitatis
721 2210 914 2301 sequestra.
950 2201 1084 2274 Verum
1101 2228 1186 2300 ope-

81 2394 141 2443 rae
165 2372 315 2469 pretium
341 2372 407 2443 erit
433 2395 648 2470 cognoscere
685 2396 777 2469 quae
802 2374 949 2473 ¹sequuta
974 2381 1068 2442 sunt.
1123 2373 1183 2442 ln-

19 2558 22 2563 ·
80 2537 191 2611 doluit
216 2539 311 2610 facto
338 2538 423 2609 doni
447 2549 570 2610 auctor
594 2541 769 2637 luppiter,
804 2539 868 2613 scd
901 2539 1070 2612 infectum
1101 2541 1183 2612 red·

79 2707 162 2781 dere
186 2706 354 2807 nequibat
379 2732 494 2806 neque
518 2704 606 2778 adeo
633 2704 853 2778 desiderabat
872 2709 1067 2804 improvida
1080 2736 1184 2784 mens

77 2880 304 2977 terrigenum.
359 2877 500 2950 Etenim
524 2828 586 2946 illa
611 2883 816 2972 tempestate
841 2877 911 2949 vita
932 2876 1082 2950 humana
1101 2879 1180 2952 lon·

77 3049 230 3148 gissimis
256 3044 507 3121 extendebatur
538 3046 696 3118 terminis
728 3044 935 3142 limpidioris
967 3051 1058 3121 aeris
1091 3049 1179 3120 bau-

76 3225 132 3289 stu
157 3226 349 3290 sustentata
373 3213 782 3316 recentibusqudadlruc
808 3226 842 3288 et
866 3215 1011 3288 illibatis
1033 3228 1178 3293 naturae

73 3326 218 3459 viribus.
272 3388 397 3486 Neque
423 3396 498 3460 erat
532 3377 606 3459 tum
637 3386 708 3459 ulla
738 3387 814 3486 spei
842 3397 1026 3486 metusque
1051 3413 1172 3484 causa,

74 3581 163 3656 quae
188 3581 377 3656 suspensos
403 3566 539 3630 teneret
562 3557 712 3653 animos,
733 3554 796 3630 scd
808 3565 931 3654 pacata
949 3558 1066 3628 omnia
1080 3568 1175 3630 terra

72 3728 227 3828 marique
252 3728 457 3801 intemerato
483 3753 595 3827 usque
616 3725 729 3799 adbuc
743 3726 995 3801 elementorum
1011 3725 1171 3820 loedere,

71 3896 122 3966 sic
146 3906 186 3969 ut
210 3899 358 3971 otiosam
384 3908 531 3972 aetatem
560 3907 596 3972 et
620 3897 773 3997 quietem
804 3897 879 3970 sinc
910 3921 1074 3969 aerumna
1100 3897 1172 3968 ulla

66 4073 105 4135 et
125 4066 205 4140 siue
231 4069 458 4143 contentione
479 4066 714 4142 traducerent.
768 4067 891 4166 ltaque
916 4093 1023 4166 Qum
1048 4064 1170 4140 decem
