2506 4492
292 221 350 287 un
379 219 580 286 reduce.
611 220 812 289 uuruou.
844 224 873 307 §-
896 222 929 288 ι.
1123 227 1166 291 rr

56 402 134 468 155.
158 400 247 465 Diod.
259 398 371 465 XVlll.
388 399 442 467 λδ.
467 399 615 465 Theodor.
629 400 718 486 llyrt.
735 422 765 485 p.
779 402 835 471 23.
850 402 883 467 in
897 403 1012 469 Anecd.
1025 402 1165 471 buisson.

55 506 92 571 Τ.
118 504 171 570 lll.
200 501 387 591 με’μιμμαι
411 524 487 567 vero
511 523 657 587 nusquam
680 505 780 587 reperi
802 527 899 589 neque
920 499 1110 601 ὄμάμομαι
1129 508 1167 571 ad

56 606 284 673 similitudinem
312 606 423 671 tertiae
451 626 596 689 personne
624 598 805 692 ὀμώμοται
825 608 864 693 ⁸).
918 607 1168 689 Quemadmodum

55 712 151 777 verba
172 710 206 773 in
220 694 301 775 ἶν’ω-
319 706 464 772 exeuntia
484 707 517 771 in
535 708 652 795 syllaba
671 710 849 797 paragoffi‘ca
868 721 900 775 et
918 711 1073 795 principali
1095 732 1167 776 ean·

56 814 127 877 dam
146 813 261 877 iterant
282 830 445 875 consonam
465 798 502 893 ιΤ,
524 811 609 876 velut
630 823 694 888 est,
719 805 915 898 procedre,
936 807 1091 897 άνδάνω,
1114 813 1167 879 vel

55 914 270 1011 assimilatam
269 913 437 999 proximae,
454 906 634 999 λαμβάνω,
653 910 822 1014 depredatos,
840 907 1015 1005 φυγγάνω,
1037 917 1080 980 ita
1096 936 1167 1014 uve-r:

56 1018 103 1082 bis
132 1016 173 1081 in*
191 1042 274 1104 ημι,
310 1038 435 1101 quorum
463 1015 587 1080 initialis
615 1028 662 1081 est
688 1044 732 1098 rc,
768 1019 914 1083 inseritur
941 1018 1101 1105 systoocha
1125 1042 1166 1104 μ,

54 1117 238 1206 πλμπλημι
268 1129 300 1184 et
327 1116 507 1205 πλμπρημι
527 1120 576 1203 ⁹),
615 1121 668 1183 sed
697 1120 765 1205 quia
796 1133 919 1205 propter
949 1120 1167 1205 longitudinem

54 1223 173 1287 mediae
194 1222 328 1309 syllabae
349 1221 448 1285 minus
470 1231 517 1285 est
538 1222 711 1286 necessaria
732 1243 818 1307 mam
839 1224 919 1302 illis,
949 1244 1056 1287 rursus
1078 1223 1167 1288 omit·

55 1326 149 1401 titur,
181 1326 208 1389 si
230 1346 297 1388 eum
318 1323 538 1408 praepositione
560 1328 598 1391 ἐν
621 1336 857 1408 componuntur,
887 1326 1051 1411 euphoniae
1074 1344 1167 1389 causa

56 1439 88 1492 ut
111 1426 326 1512 bloschopulus
353 1426 397 1490 ait
420 1425 527 1489 Sched.
557 1448 588 1511 p.
613 1425 687 1491 158.
733 1428 865 1513 Ejusque
892 1427 1165 1512 praetermissionis

56 1542 86 1594 et
110 1530 192 1615 apud
219 1530 326 1592 atticos
343 1526 510 1610 'scriptores
537 1539 569 1592 et
591 1528 624 1593 in
646 1534 796 1594 communi
818 1552 957 1595 sermone
980 1542 1039 1594 tam
1061 1550 1167 1595 nnme-

56 1654 124 1697 rosa
144 1642 219 1697 sunt
236 1630 385 1716 exempla,
410 1640 445 1692 ut
464 1630 552 1693 citius
571 1632 689 1695 credam
711 1632 840 1707 literam,
864 1654 950 1716 quam
972 1633 1086 1697 librarii
1103 1653 1167 1696 nou

55 1757 125 1800 raro
146 1734 199 1800 vel
221 1743 326 1798 contra
346 1743 475 1796 metrum
497 1731 661 1809 inculcant,
685 1735 721 1797 ab
744 1733 790 1796 bis
811 1733 909 1817 potius
931 1734 1089 1818 aliquoties
1110 1734 1166 1798 im·

56 1849 186 1923 portuno
206 1836 353 1911 additam,
376 1854 463 1919 wem
484 1854 504 1897 a
524 1833 721 1919 scriptoribus
743 1834 816 1918 ipsis
838 1835 941 1898 nescio
964 1838 1049 1920 cujus
1068 1834 1167 1899 varia·

57 1939 148 2004 donis
180 1959 270 2004 causa
298 1938 332 2001 in
360 1949 476 2020 tempus
506 1947 667 2001 assumtam
697 1957 862 2019 rursusque
894 1937 1045 2001 dimissam
1075 1956 1166 2015 essee

57 2063 131 2127 quae
151 2039 327 2105 Schneideri
349 2038 500 2102 sententia
521 2060 589 2103 csse
611 2039 732 2103 videtur
753 2040 789 2102 ad
810 2036 1163 2105 attenuantes.

58 2146 114 2209 Sed
136 2155 168 2208 et
189 2142 263 2206 illud
284 2163 303 2205 a
321 2141 388 2205 viro
410 2141 580 2206 doctissimo
604 2142 767 2217 dissentio,
791 2142 869 2225 qum
890 2140 1114 2229 ἐμπίμπλημι
1135 2153 1167 2207 et

58 2245 284 2334 ἕμιιῖμπρημι
304 2266 370 2308 oum
394 2241 593 2332 dyylyropraa
608 2256 646 2308 et
667 2236 901 2332 συγγιγνάυνω
925 2246 1044 2309 confert
1058 2245 1095 2310 Τ.
1111 2243 1163 2308 lll.

58 2348 111 2415 86.
135 2371 204 2413 nam
226 2348 259 2411 iu
281 2346 327 2411 bis
347 2340 464 2431 garbma
486 2347 611 2430 primum
634 2358 717 2410 certe
737 2348 817 2410 uliud
840 2357 928 2410 sonat
948 2362 1037 2430 atquo
1057 2368 1166 2411 secun·

59 2455 125 2517 dum
144 2453 190 2534 ¹⁰)
215 2470 313 2534 nequo
335 2450 430 2533 magis
451 2449 572 2513 auditur
599 2469 686 2532 quam
714 2449 746 2512 in
768 2440 951 2535 ἐγγεγάηιια
973 2459 1062 2530 atque
1084 2448 1167 2511 simi·

59 2555 153 2632 libus,
187 2574 264 2639 quae
286 2554 323 2616 ad
347 2551 461 2637 Pbryn.
486 2572 516 2635 p.
542 2549 615 2613 155.
646 2548 736 2613 allata
764 2560 853 2622 suut,
887 2549 940 2611 sed
965 2547 1167 2612 adulterinum

61 2670 115 2737 est,
136 2668 173 2721 ut
192 2656 228 2719 in
243 2647 417 2742 φυγγάνω,
440 2646 608 2742 λαγχάνω.
631 2688 676 2700 ·-
697 2651 801 2715 Litora
818 2634 848 2716 ν’
864 2671 901 2714 ue
924 2650 1060 2716 crebrius
1081 2649 1167 2735 inge·

60 2770 179 2825 roratur
204 2759 356 2822 Porsonus
384 2758 421 2820 od
450 2756 503 2819 Or.
526 2754 601 2820 tot.
631 2776 684 2838 pro
713 2751 891 2844 ἰσχναλνω,
923 2755 1001 2838 quod
1029 2752 1166 2838 analogia

61 2862 207 2946 postulat,
243 2860 361 2924 Atticos
392 2855 528 2948 ἰσχαλνω
560 2857 675 2921 dixisse
704 2858 890 2934 arbitratum
935 2857 984 2933 eui
1015 2858 1167 2919 consentit

10 3020 12 3027 .
63 2964 256 3038 Sohaelerns,
291 2984 347 3028 nec
367 2971 514 3045 repugnat
535 2959 677 3023 Matthiae
699 2960 736 3023 ad
758 2980 790 3023 v.
813 2955 890 3025 288.
913 2958 996 3021 illam
1017 2957 1167 3039 antiquio·

63 3088 141 3142 ren,
174 3066 251 3130 hanc
277 3065 445 3129 molliorem
472 3073 504 3126 et
530 3062 731 3127 recentiorem
758 3061 885 3125 formam
913 3071 948 3124 ut
974 3050 1069 3149 ἰσχάς
1097 3080 1165 3123 esse

65 3170 173 3233 dicens.
232 3167 289 3249 Qui
319 3188 422 3231 omnes
451 3166 518 3249 plus
549 3165 732 3229 contendere
761 3164 902 3228 videntur
932 3184 1017 3246 quam
1047 3161 1167 3247 probari

65 3282 169 3353 potest.
212 3270 258 3334 Ab
281 3272 360 3359 ἴσχω
385 3268 503 3332 ducitur
524 3265 662 3357 ἰσχαίνω
686 3265 834 3349 'l'booplrm
860 3266 895 3328 de
919 3265 1009 3328 Odor.
1034 3265 1084 3328 lV.
1109 3264 1163 3329 47.

67 3372 135 3438 Poll.
166 3374 219 3438 lV.
253 3370 327 3436 178.
363 3382 398 3436 nt
426 3367 570 3452 υυωίνω,
602 3366 758 3447 λιταίνω,
788 3361 965 3446 attactae,
997 3362 1167 3454 diculneo,
1215 3390 1220 3401 ·

68 3511 270 3525 ψ

128 3599 156 3661 8)
173 3599 201 3649 ln
219 3598 337 3649 diremtio
354 3596 487 3647 vocabulis
505 3587 552 3661 ἔμ’
569 3590 729 3661 ἐμνήστευεν
744 3593 809 3645 Eur.
829 3593 870 3644 El.
892 3592 951 3643 313.
972 3592 1057 3659 paullo
1074 3592 1166 3643 durius

71 3692 135 3735 sonat
152 3701 227 3752 quam
245 3678 313 3749 τῷδ’
329 3678 376 3752 ἄρ’
387 3678 465 3749 'lippe
486 3697 512 3732 v.
533 3680 669 3731 Hermann.
690 3680 722 3730 ad
740 3680 772 3730 H.
791 3679 822 3730 ll.
842 3680 869 3729 in
886 3678 965 3730 Mero.
986 3679 1027 3730 tt.
1053 3686 1080 3729 et
1097 3677 1165 3728 simi·

72 3768 114 3830 lia,
137 3787 245 3839 quorum
263 3770 337 3837 copia
353 3769 436 3833 major
453 3782 528 3835 quam
547 3773 578 3817 ut
594 3766 716 3832 exemplis
734 3781 796 3831 opus
814 3767 858 3817 sit.

128 3857 154 3923 9)
174 3857 302 3909 Adderem
321 3846 512 3925 daemonicos,
538 3853 605 3919 quod
623 3851 717 3902 Comus
736 3852 763 3902 in
780 3850 890 3903 Aristot.
911 3850 942 3901 ll.
961 3849 1028 3901 nnn.
1048 3845 1081 3897 V.
1101 3846 1127 3896 6.
1152 3861 1166 3896 a

75 3935 186 4006 llediceo,
212 3951 244 3995 ut
265 3942 375 4003 dicitur,
400 3941 495 4002 edidit,
521 3939 572 3991 nisi
592 3938 726 3990 Beklrerus
748 3938 827 4005 hujus
850 3937 994 4004 scripturae
1014 3932 1167 3982 mentionem

77 4037 164 4089 Pmrsus
182 4031 321 4083 omisisset.

131 4112 365 4189 10)Ἐνγλγνυμυι
381 4113 461 4166 scribi
478 4120 564 4181 potest
581 4118 613 4164 ut
628 4107 753 4183 άιγιλυι,
777 4109 823 4161 sed
840 4123 890 4158 non
906 4107 1046 4178 γλννυμωι.
