2506 4492
11 4242 25 4349 l

102 171 155 243 ua
424 250 428 257 ,
475 124 791 237 orssnnromo
819 168 844 234 1.

108 360 290 419 attestentur
308 349 388 417 idem
407 370 437 415 a.
460 347 581 435 Σωτήρ
605 358 638 414 ot
655 346 831 413 Ammonius
852 368 879 412 s.
903 347 935 411 ln.
958 368 991 411 v.
1014 348 1204 435 similiterque
1239 346 1252 421 ἶ,

109 454 247 521 nonnulli
273 445 421 538 τράπεζα
447 461 633 517 contractum
659 462 775 537 putant.
820 449 965 537 Didymus
990 466 1045 535 ap.
1063 450 1201 517 Priscian.
1239 487 1248 504 ι

110 558 147 622 de
169 556 263 622 Poud.
287 578 318 643 p.
341 554 417 622 396.
443 555 480 620 Τ.
503 554 542 618 ll.
570 555 619 619 ed.
642 552 745 618 llrelul.
770 548 983 641 ἤμέδιμνον,
1013 554 1131 638 inquit,
1158 552 1206 622 li·
1243 581 1253 604 ν

109 680 230 748 νουσιν
251 655 449 749 οἱιἈνιιιιοὶ
469 651 549 724 dccl
570 656 632 723 coti
652 653 904 743 ἡμιμέδιμνον,
933 665 969 719 ut
988 655 1103 721 Laeui
1120 676 1206 733 semo·
1240 613 1253 788 ι

112 760 201 837 deus,
227 760 359 839 aeduico,
390 770 479 845 atque
502 759 689 824 Herodianus
710 759 825 824 Auecd.
851 758 951 823 Cram.
975 756 1014 821 ll.
1038 756 1100 835 83,
1123 756 1156 824 8.
1181 766 1208 823 ct
1245 791 1246 810 .

112 861 138 927 Ι.
161 861 243 941 344,
264 863 319 931 23.
345 861 389 931 col
414 866 451 928 ἐν
472 860 537 929 τοῦ
556 845 683 949 iocoue
708 860 914 953 συγκείμενα
939 854 1130 949 οἷποβιὲλλει
1152 856 1209 948 cris

111 950 161 1033 οὗ
178 958 370 1055 συλλαβήν·
402 961 541 1052 εὕρηται
561 960 711 1051 disrupti
732 978 805 1041 τοῖς
826 964 984 1038 παλαιοῖς
1004 958 1079 1050 μετ’
1101 960 1209 1050 crissie,
1241 916 1253 1091 Ε

111 1063 332 1158 ἤμισύχοιροο
352 1069 438 1155 (tort.
459 1057 697 1157 ἤμιούχορος),
716 1064 940 1157 ἤμιονχοίνιξ.
973 1066 1031 1131 Sed
1052 1065 1128 1130 hacc
1148 1086 1210 1130 con·
1251 1117 1253 1120 .

114 1172 195 1257 tagio
217 1171 311 1255 serpit
331 1170 463 1256 longius.
500 1170 607 1235 Galen.
626 1170 743 1235 Comm.
763 1170 787 1235 l.
811 1171 844 1234 in
859 1170 896 1233 L.
920 1169 957 1233 dc
974 1166 1043 1233 Art.
1062 1166 1120 1245 2⁷,
1142 1166 1208 1233 359.
1242 1209 1246 1218 .

113 1272 151 1338 Τ.
173 1272 286 1337 XVlll.
310 1271 344 1336 P.
367 1272 393 1336 l.
421 1265 565 1363 μοι’ναχοὲ
587 1271 720 1342 lucrosi
742 1264 954 1361 οἷμφῶδοννα
978 1270 1210 1361 οννῃρημένοι

114 1374 178 1443 τοῦ
201 1367 387 1461 ὀνόματος,
409 1371 454 1451 oi'c
476 1398 581 1462 φασιν
603 1381 636 1444 oi
656 1373 719 1451 cole
740 1373 963 1463 ἐτυμολογίας
982 1372 1163 1460 τιμῶντος,
1182 1376 1211 1440 is

114 1478 178 1547 τοῦ
198 1468 394 1567 μονοὶννχα.
435 1478 480 1542 Ab
503 1479 605 1545 cadem
628 1478 813 1564 negligentia
833 1478 967 1562 proiecta
987 1477 1110 1541 uidetur
1129 1476 1211 1563 sylla·
1243 1435 1253 1504 Ι

115 1581 220 1645 harum
247 1580 409 1645 mediarum
436 1581 676 1665 praetermissio,
705 1572 889 1667 Ἀροοηνός
915 1600 968 1664 pro
991 1569 1212 1667 Ἁοονοιηνόι,
1243 1539 1253 1618 l

116 1684 194 1767 quod
216 1681 382 1766 Stephanus
403 1684 503 1761 affert,
526 1679 728 1769 ὀπιοθέναρ,
750 1675 938 1770 οἷμφορούς,
958 1672 1133 1769 propltio-971,
1153 1706 1213 1751 rest¹

117 1783 296 1870 σπαλέτης,
316 1784 421 1849 Galen.
438 1785 537 1850 Gloss.
553 1807 583 1869 p.
599 1782 672 1849 540.
693 1784 847 1853 coleredo
866 1784 941 1867 (uisi
957 1784 1131 1847 mendosum
1148 1786 1213 1867 cst),
1243 1743 1253 1909 Ι

115 1883 305 1978 χαλκόπτης
320 1906 374 1969 pro
390 1878 632 1975 χαλνοιιὸπτης,
654 1898 688 1952 ut
704 1889 801 1973 ajunt,
824 1887 855 1950 in
870 1886 961 1970 Corp.
977 1884 1073 1949 lusor.
1089 1884 1130 1951 N.
1145 1882 1211 1950 837.
1252 1925 1253 1930 1

116 1988 355 2073 simpludiurius,
385 1988 564 2073 stipendium
579 1993 639 2071 ⁴⁵).
686 1989 744 2054 Sed
766 1991 842 2074 quod
864 1987 1113 2053 Schneidewinus
1138 1988 1214 2074 lingit
1243 1946 1253 2114 ξ

116 2088 255 2178 ξίφηρος
281 2110 340 2183 ιννοΙ
359 2085 542 2177 ξιφηφόρος
569 2091 601 2155 iu
625 2091 755 2157 Dissert.
784 2093 821 2155 de
843 2091 940 2155 Diana
963 2088 1082 2155 Phaccl.
1113 2112 1143 2175 p.
1167 2088 1213 2155 11.
1245 2123 1253 2132 ·

111 2203 182 2259 tum
204 2191 340 2276 denique·
356 2202 455 2257 retum
479 2193 638 2271 ducemus,
668 2194 696 2259 si
718 2194 784 2279 quis
806 2184 988 2283 ὄρόφηρος,
1017 2188 1149 2267 idoneor
1172 2190 1214 2257 uel
1244 2153 1253 2322 l

118 2295 218 2361 simile
247 2305 413 2361 monstrum
440 2294 474 2359 in
501 2295 598 2361 lucem
620 2296 807 2381 produxerit.
850 2290 1085 2383 Ἀμφιφορεύς
1110 2306 1213 2371 autem,

117 2419 159 2464 nc
179 2398 216 2463 oh
238 2394 349 2480 duplex
370 2421 394 2485 φ
417 2398 549 2463 breviori
569 2398 615 2462 illi
637 2399 764 2463 semisse
786 2399 937 2476 videatur,
959 2398 1096 2483 regulam
1117 2399 1154 2463 de
1173 2396 1214 2462 ad

117 2499 296 2588 spinterum
318 2500 554 2585 consequutioue
575 2500 745 2565 distinctius
767 2500 844 2565 tradi
866 2511 984 2586 oportet
1010 2502 1055 2565 sic
1078 2511 1114 2564 ut
1133 2518 1213 2585 purae
1237 2544 1240 2551 -

116 2624 215 2669 anon
231 2602 314 2687 puris
331 2614 420 2688 atque
439 2625 506 2680 cae,
527 2625 602 2688 quae
620 2614 692 2668 sunt
708 2604 841 2689 ejusdem
859 2602 985 2678 ordinis,
1003 2602 1214 2689 distinguantur

117 2704 289 2770 adirersis
304 2703 365 2787 4⁶).
413 2703 543 2769 Primum
569 2704 662 2790 igitur
688 2707 846 2770 tenendum
875 2717 940 2783 est,
971 2707 1044 2769 duas
1068 2705 1212 2770 conunoo

117 2805 250 2895 syllabas
271 2824 420 2887 nunquam
443 2806 536 2870 ordiri
557 2808 594 2870 ab
617 2808 720 2870 eadem
741 2808 890 2892 adspirate
911 2828 986 2893 pura
1006 2807 1065 2872 nisi
1090 2807 1124 2871 in
1147 2826 1213 2871 com·

58 2912 61 2917 '
118 2908 266 2995 positione
289 2916 320 2971 et
341 2906 553 2983 declinatione,
576 2908 628 2972 sed
650 2907 683 2971 in
705 2908 751 2972 his
773 2930 888 2993 quoque
910 2911 987 2975 ratio
1011 2910 1146 2975 habenda
1162 2904 1212 2995 syl·

118 3008 253 3075 labarum
273 3004 479 3094 principalium
501 3020 533 3074 et
554 3010 732 3077 cliticarum.
765 3010 861 3076 Thcta
881 3013 1010 3077 iteratur
1030 3013 1063 3076 in
1085 3006 1212 3100 ὄρνιθο-

117 3105 241 3199 θήρας,
268 3105 491 3197 Τιρυνθόθιν
512 3112 658 3199 (Steph.),
681 3114 888 3200 λιθοθῆναι,
910 3114 1144 3201 sodomiticos,
1165 3134 1211 3179 νο·

117 3214 316 3301 coponium,
337 3220 531 3283 ναθεθεῑοα
553 3214 669 3280 Oribas.
689 3217 726 3281 da
743 3216 842 3281 Fraot.
862 3216 927 3280 Vll.
949 3215 1003 3282 86.
1023 3217 1126 3282 XXll.
1148 3210 1208 3279 114.

119 3327 152 3383 ot
169 3316 206 3381 L.
223 3314 333 3381 XLIV.
351 3313 452 3402 put.
476 3318 523 3381 cd.
541 3316 717 3385 Bussemalr.
741 3322 793 3386 sed
815 3329 948 3385 mutatur
968 3319 1001 3386 in
1023 3320 1121 3387 tribus
1140 3311 1211 3387 verli

187 3624 234 3690 45)
252 3621 322 3674 ilaec
339 3625 468 3691 exempla,
492 3638 559 3692 quac
576 3642 625 3679 non
643 3628 756 3695 ejusdcm
775 3629 939 3680 auctoritatis
956 3635 1018 3679 sunt
1035 3627 1136 3688 omnia,
1158 3622 1210 3677 'rio

118 3724 187 3765 nam
210 3707 246 3761 Μ.
271 3709 404 3761 induxisse
425 3712 563 3775 videntur,
589 3720 622 3767 ut
636 3712 827 3783 ἑβδομηκονιίι
848 3730 894 3783 pro
911 3702 1211 3785 §prememorato

120 3810 195 3865 possa
212 3801 326 3862 pateret.

189 3879 235 3947 tt)
260 3878 390 3947 Quantum
407 3898 440 3933 ox
456 3880 490 3938 ll.
506 3880 637 3936 lluehueri
660 3886 807 3953 compendio
828 3886 960 3952 mtelligo,
986 3899 1060 3937 nemo
1077 3872 1211 3937 conmori

121 3967 234 4033 noticia
250 3982 370 4033 opressus
388 3975 444 4029 est,
464 3969 509 4035 qai
524 3966 627 4041 ἐτέθην
642 3979 671 4025 et
686 3966 839 4043 ὤραῶθην,
855 3969 1009 4043 ἐθρέφθην,
1029 3974 1218 4037 unquam-eur

125 4054 211 4107 traria
226 4053 278 4107 sibi
294 4060 323 4108 et
339 4054 510 4123 ropupusutia
525 4057 652 4125 proponit.
687 4055 743 4113 ileo
758 4056 908 4113 distinctius
924 4058 1051 4113 disseruit
1066 4053 1197 4113 uiuun-
