<?xml version="1.0" encoding="UTF-8"?>
<!DOCTYPE html PUBLIC "-//W3C//DTD XHTML 1.0 Transitional//EN"
    "http://www.w3.org/TR/xhtml1/DTD/xhtml1-transitional.dtd">
<html xmlns="http://www.w3.org/1999/xhtml" xml:lang="en" lang="en">
 <head>
  <title>
</title>
<meta http-equiv="Content-Type" content="text/html;charset=utf-8" />
  <meta name='ocr-system' content='tesseract 3.04.00' />
  <meta name='ocr-capabilities' content='ocr_page ocr_carea ocr_par ocr_line ocrx_word'/>
</head>
<body>
  <div class='ocr_page' id='page_1' title='image "./paralipomenagra00lobegoog_0344.png"; bbox 0 0 2506 4492; ppageno 0'>
   <div class='ocr_carea' id='block_1_1' title="bbox 173 167 1181 281">
    <p class='ocr_par' dir='ltr' id='par_1_1' title="bbox 173 167 1181 281">
     <span class='ocr_line' id='line_1_1' title="bbox 173 167 1181 281; baseline 0.009 -42"><span class='ocrx_word' id='word_1_1' title='bbox 173 167 227 239; x_wconf 76' lang='lat' dir='ltr'><strong>bu</strong></span> <span class='ocrx_word' id='word_1_2' title='bbox 249 171 456 241; x_wconf 84' lang='lat' dir='ltr'><strong>SUBSTANT.</strong></span> <span class='ocrx_word' id='word_1_3' title='bbox 474 169 504 267; x_wconf 86' lang='lat' dir='ltr'><strong>l.</strong></span> <span class='ocrx_word' id='word_1_4' title='bbox 528 170 684 239; x_wconf 69' lang='lat' dir='ltr'><strong>nucum.</strong></span> <span class='ocrx_word' id='word_1_5' title='bbox 708 172 845 241; x_wconf 84' lang='lat' dir='ltr'><strong>PAPAG.</strong></span> <span class='ocrx_word' id='word_1_6' title='bbox 869 174 947 244; x_wconf 84' lang='lat' dir='ltr'><strong>lON.</strong></span> <span class='ocrx_word' id='word_1_7' title='bbox 970 182 999 265; x_wconf 61' lang='grc' dir='ltr'><strong>ὅ.</strong></span> <span class='ocrx_word' id='word_1_8' title='bbox 1016 177 1048 245; x_wconf 94' lang='grc'><strong>4.</strong></span> <span class='ocrx_word' id='word_1_9' title='bbox 1088 180 1181 281; x_wconf 56' lang='grc' dir='ltr'><strong>ι«ἰθύ</strong></span> 
     </span>
    </p>
   </div>
   <div class='ocr_carea' id='block_1_2' title="bbox 69 346 1242 3817">
    <p class='ocr_par' dir='ltr' id='par_1_2' title="bbox 69 346 1242 3817">
     <span class='ocr_line' id='line_1_2' title="bbox 76 346 1190 444; baseline 0.005 -24"><span class='ocrx_word' id='word_1_10' title='bbox 76 346 233 440; x_wconf 60' lang='lat' dir='ltr'><strong>admosse,</strong></span> <span class='ocrx_word' id='word_1_11' title='bbox 276 350 450 418; x_wconf 76' lang='lat' dir='ltr'><strong>Emathios</strong></span> <span class='ocrx_word' id='word_1_12' title='bbox 471 373 501 436; x_wconf 80' lang='lat' dir='ltr'><strong>p.</strong></span> <span class='ocrx_word' id='word_1_13' title='bbox 515 350 591 428; x_wconf 86' lang='grc'><strong>434,</strong></span> <span class='ocrx_word' id='word_1_14' title='bbox 613 346 667 418; x_wconf 82' lang='lat'><strong>31.</strong></span> <span class='ocrx_word' id='word_1_15' title='bbox 690 365 721 418; x_wconf 90' lang='lat' dir='ltr'><strong>et</strong></span> <span class='ocrx_word' id='word_1_16' title='bbox 742 353 843 425; x_wconf 78' lang='lat' dir='ltr'><strong>Dion,</strong></span> <span class='ocrx_word' id='word_1_17' title='bbox 855 379 887 422; x_wconf 79' lang='lat' dir='ltr'><strong>v.</strong></span> <span class='ocrx_word' id='word_1_18' title='bbox 903 354 977 423; x_wconf 84' lang='lat'>839.</span> <span class='ocrx_word' id='word_1_19' title='bbox 991 350 1081 432; x_wconf 87' lang='lat' dir='ltr'><strong>addit,</strong></span> <span class='ocrx_word' id='word_1_20' title='bbox 1094 359 1190 444; x_wconf 86' lang='grc' dir='ltr'><strong><em>Δαρ·.</em></strong></span> 
     </span>
     <span class='ocr_line' id='line_1_3' title="bbox 77 448 1180 546; baseline 0.004 -24"><span class='ocrx_word' id='word_1_21' title='bbox 77 450 209 533; x_wconf 70' lang='grc' dir='ltr'><strong><em>δάνιον,</em></strong></span> <span class='ocrx_word' id='word_1_22' title='bbox 234 452 374 531; x_wconf 77' lang='grc' dir='ltr'><strong><em>Λύδιος,</em></strong></span> <span class='ocrx_word' id='word_1_23' title='bbox 398 449 540 541; x_wconf 85' lang='grc' dir='ltr'><strong><em>Σύριος,</em></strong></span> <span class='ocrx_word' id='word_1_24' title='bbox 561 448 772 543; x_wconf 80' lang='grc' dir='ltr'><strong><em>Παμφύλιος</em></strong></span> <span class='ocrx_word' id='word_1_25' title='bbox 800 469 831 522; x_wconf 93' lang='lat' dir='ltr'><strong>et</strong></span> <span class='ocrx_word' id='word_1_26' title='bbox 860 480 926 524; x_wconf 93' lang='lat' dir='ltr'><strong>cum</strong></span> <span class='ocrx_word' id='word_1_27' title='bbox 947 461 1099 545; x_wconf 74' lang='lat' dir='ltr'><strong>adjectivis</strong></span> <span class='ocrx_word' id='word_1_28' title='bbox 1121 455 1180 546; x_wconf 87' lang='grc' dir='ltr'><strong>ὅρ-</strong></span> 
     </span>
     <span class='ocr_line' id='line_1_4' title="bbox 75 551 1207 647; baseline 0.001 -21"><span class='ocrx_word' id='word_1_29' title='bbox 75 565 171 637; x_wconf 74' lang='grc' dir='ltr'><strong><em>θιος,</em></strong></span> <span class='ocrx_word' id='word_1_30' title='bbox 192 551 381 645; x_wconf 70' lang='lat' dir='ltr'><strong>reperimur,</strong></span> <span class='ocrx_word' id='word_1_31' title='bbox 402 554 564 647; x_wconf 82' lang='grc' dir='ltr'><strong><em>μειλίχιος</em></strong></span> <span class='ocrx_word' id='word_1_32' title='bbox 585 571 747 643; x_wconf 89' lang='lat' dir='ltr'><strong>comparat,</strong></span> <span class='ocrx_word' id='word_1_33' title='bbox 770 562 927 644; x_wconf 89' lang='lat' dir='ltr'><strong>dequibus</strong></span> <span class='ocrx_word' id='word_1_34' title='bbox 949 563 1176 627; x_wconf 62' lang='lat' dir='ltr'><strong>inlra&#39;dicetur.</strong></span> <span class='ocrx_word' id='word_1_35' title='bbox 1204 580 1207 587; x_wconf 81' lang='grc'><em>“</em></span> 
     </span>
     <span class='ocr_line' id='line_1_5' title="bbox 78 661 1178 751; baseline 0.005 -26"><span class='ocrx_word' id='word_1_36' title='bbox 78 663 137 740; x_wconf 80' lang='lat' dir='ltr'><strong>Sed</strong></span> <span class='ocrx_word' id='word_1_37' title='bbox 157 661 231 727; x_wconf 89' lang='lat' dir='ltr'><strong>baec</strong></span> <span class='ocrx_word' id='word_1_38' title='bbox 252 662 318 727; x_wconf 86' lang='lat' dir='ltr'><strong>sive</strong></span> <span class='ocrx_word' id='word_1_39' title='bbox 345 661 423 723; x_wconf 86' lang='lat' dir='ltr'><strong>idem</strong></span> <span class='ocrx_word' id='word_1_40' title='bbox 456 681 522 724; x_wconf 90' lang='lat' dir='ltr'><strong>cum</strong></span> <span class='ocrx_word' id='word_1_41' title='bbox 544 661 702 744; x_wconf 80' lang='lat' dir='ltr'><strong>primitivis</strong></span> <span class='ocrx_word' id='word_1_42' title='bbox 734 663 904 747; x_wconf 83' lang='lat' dir='ltr'><strong>significant</strong></span> <span class='ocrx_word' id='word_1_43' title='bbox 932 676 965 729; x_wconf 88' lang='lat' dir='ltr'><strong>nt</strong></span> <span class='ocrx_word' id='word_1_44' title='bbox 985 661 1178 751; x_wconf 78' lang='lat' dir='ltr'><strong>Aopdcivsco</strong></span> 
     </span>
     <span class='ocr_line' id='line_1_6' title="bbox 74 763 1177 852; baseline -0.001 -19"><span class='ocrx_word' id='word_1_45' title='bbox 74 763 279 852; x_wconf 80' lang='grc' dir='ltr'><strong><em>Καρμύνιοι</em></strong></span> <span class='ocrx_word' id='word_1_46' title='bbox 304 788 336 831; x_wconf 90' lang='lat' dir='ltr'><strong>v.</strong></span> <span class='ocrx_word' id='word_1_47' title='bbox 359 763 527 827; x_wconf 82' lang='lat' dir='ltr'><strong>Tasebuck.</strong></span> <span class='ocrx_word' id='word_1_48' title='bbox 551 766 587 828; x_wconf 93' lang='lat' dir='ltr'><strong>ad</strong></span> <span class='ocrx_word' id='word_1_49' title='bbox 608 766 679 829; x_wconf 87' lang='lat' dir='ltr'><strong>blel.</strong></span> <span class='ocrx_word' id='word_1_50' title='bbox 704 765 772 829; x_wconf 90' lang='lat' dir='ltr'><strong>Vol.</strong></span> <span class='ocrx_word' id='word_1_51' title='bbox 799 765 837 831; x_wconf 90' lang='lat' dir='ltr'><strong>ll.</strong></span> <span class='ocrx_word' id='word_1_52' title='bbox 862 768 896 830; x_wconf 90' lang='grc' dir='ltr'><strong>Ρ.</strong></span> <span class='ocrx_word' id='word_1_53' title='bbox 920 767 971 831; x_wconf 91' lang='lat' dir='ltr'><strong>lll.</strong></span> <span class='ocrx_word' id='word_1_54' title='bbox 1002 766 1078 835; x_wconf 77' lang='lat'><strong>263.</strong></span> <span class='ocrx_word' id='word_1_55' title='bbox 1111 769 1177 832; x_wconf 88' lang='lat' dir='ltr'><strong>sive</strong></span> 
     </span>
     <span class='ocr_line' id='line_1_7' title="bbox 77 863 1178 954; baseline 0.003 -24"><span class='ocrx_word' id='word_1_56' title='bbox 77 867 230 930; x_wconf 89' lang='lat' dir='ltr'><strong>diversum</strong></span> <span class='ocrx_word' id='word_1_57' title='bbox 251 867 386 950; x_wconf 84' lang='lat' dir='ltr'><strong>quiddam</strong></span> <span class='ocrx_word' id='word_1_58' title='bbox 415 877 457 930; x_wconf 87' lang='lat' dir='ltr'><strong>ut</strong></span> <span class='ocrx_word' id='word_1_59' title='bbox 471 869 643 951; x_wconf 89' lang='lat' dir='ltr'><strong>plerumque</strong></span> <span class='ocrx_word' id='word_1_60' title='bbox 666 863 802 954; x_wconf 88' lang='grc' dir='ltr'><strong><em>Σύριοι,</em></strong></span> <span class='ocrx_word' id='word_1_61' title='bbox 834 867 1106 934; x_wconf 88' lang='lat' dir='ltr'><strong>aderivativorum</strong></span> <span class='ocrx_word' id='word_1_62' title='bbox 1132 871 1178 933; x_wconf 90' lang='lat' dir='ltr'><strong>si·</strong></span> 
     </span>
     <span class='ocr_line' id='line_1_8' title="bbox 74 967 1242 1057; baseline 0.001 -24"><span class='ocrx_word' id='word_1_63' title='bbox 74 969 243 1034; x_wconf 86' lang='lat' dir='ltr'><strong>militudine</strong></span> <span class='ocrx_word' id='word_1_64' title='bbox 264 967 383 1053; x_wconf 83' lang='lat' dir='ltr'><strong>longius</strong></span> <span class='ocrx_word' id='word_1_65' title='bbox 411 989 497 1051; x_wconf 91' lang='lat' dir='ltr'><strong>quam</strong></span> <span class='ocrx_word' id='word_1_66' title='bbox 527 970 682 1054; x_wconf 75' lang='lat' dir='ltr'><strong>superiora</strong></span> <span class='ocrx_word' id='word_1_67' title='bbox 710 973 816 1036; x_wconf 89' lang='lat' dir='ltr'><strong>absunt</strong></span> <span class='ocrx_word' id='word_1_68' title='bbox 843 973 995 1057; x_wconf 82' lang='lat' dir='ltr'><strong>magisque</strong></span> <span class='ocrx_word' id='word_1_69' title='bbox 1025 973 1072 1036; x_wconf 89' lang='lat' dir='ltr'><strong>sni</strong></span> <span class='ocrx_word' id='word_1_70' title='bbox 1098 971 1177 1056; x_wconf 89' lang='lat' dir='ltr'><strong>juris</strong></span> <span class='ocrx_word' id='word_1_71' title='bbox 1240 982 1242 989; x_wconf 86' lang='grc'>’</span> 
     </span>
     <span class='ocr_line' id='line_1_9' title="bbox 75 1060 1178 1161; baseline 0.002 -26"><span class='ocrx_word' id='word_1_72' title='bbox 75 1091 146 1135; x_wconf 89' lang='lat' dir='ltr'><strong>csse</strong></span> <span class='ocrx_word' id='word_1_73' title='bbox 167 1071 318 1136; x_wconf 84' lang='lat' dir='ltr'><strong>videntur.</strong></span> <span class='ocrx_word' id='word_1_74' title='bbox 363 1071 403 1133; x_wconf 88' lang='lat' dir='ltr'><strong>Et</strong></span> <span class='ocrx_word' id='word_1_75' title='bbox 432 1070 541 1135; x_wconf 89' lang='lat' dir='ltr'><strong>clarius</strong></span> <span class='ocrx_word' id='word_1_76' title='bbox 569 1071 658 1135; x_wconf 90' lang='lat' dir='ltr'><strong>etiam</strong></span> <span class='ocrx_word' id='word_1_77' title='bbox 691 1073 724 1136; x_wconf 93' lang='lat' dir='ltr'><strong>in</strong></span> <span class='ocrx_word' id='word_1_78' title='bbox 752 1075 973 1161; x_wconf 88' lang='lat' dir='ltr'><strong>andronymicis</strong></span> <span class='ocrx_word' id='word_1_79' title='bbox 988 1060 1125 1161; x_wconf 72' lang='grc' dir='ltr'><strong><em>Ἴκαρος</em></strong></span> <span class='ocrx_word' id='word_1_80' title='bbox 1146 1083 1178 1138; x_wconf 91' lang='lat' dir='ltr'><strong>et</strong></span> 
     </span>
     <span class='ocr_line' id='line_1_10' title="bbox 74 1169 1176 1258; baseline 0.002 -17"><span class='ocrx_word' id='word_1_81' title='bbox 74 1169 223 1257; x_wconf 76' lang='grc' dir='ltr'><strong><em>Ἰκάριος</em></strong></span> <span class='ocrx_word' id='word_1_82' title='bbox 242 1197 273 1238; x_wconf 91' lang='lat' dir='ltr'><strong>v.</strong></span> <span class='ocrx_word' id='word_1_83' title='bbox 296 1172 414 1237; x_wconf 79' lang='lat' dir='ltr'><strong>Jacobs.</strong></span> <span class='ocrx_word' id='word_1_84' title='bbox 440 1173 475 1236; x_wconf 87' lang='lat' dir='ltr'><strong>ad</strong></span> <span class='ocrx_word' id='word_1_85' title='bbox 497 1173 605 1237; x_wconf 84' lang='lat' dir='ltr'><strong>Achill.</strong></span> <span class='ocrx_word' id='word_1_86' title='bbox 630 1175 698 1238; x_wconf 88' lang='lat' dir='ltr'><strong>Tat.</strong></span> <span class='ocrx_word' id='word_1_87' title='bbox 723 1197 752 1258; x_wconf 88' lang='lat' dir='ltr'><strong>p.</strong></span> <span class='ocrx_word' id='word_1_88' title='bbox 776 1174 851 1240; x_wconf 87' lang='grc'><strong>493.</strong></span> <span class='ocrx_word' id='word_1_89' title='bbox 875 1169 1019 1251; x_wconf 74' lang='grc' dir='ltr'><strong><em>Ξάνθος</em></strong></span> <span class='ocrx_word' id='word_1_90' title='bbox 1041 1170 1176 1250; x_wconf 80' lang='grc' dir='ltr'><strong><em>οιΞύν-</em></strong></span> 
     </span>
     <span class='ocr_line' id='line_1_11' title="bbox 75 1266 1175 1365; baseline 0.002 -23"><span class='ocrx_word' id='word_1_91' title='bbox 75 1282 157 1348; x_wconf 74' lang='grc' dir='ltr'><strong><em>θιος</em></strong></span> <span class='ocrx_word' id='word_1_92' title='bbox 178 1297 210 1340; x_wconf 84' lang='lat' dir='ltr'><strong>v.</strong></span> <span class='ocrx_word' id='word_1_93' title='bbox 234 1275 403 1342; x_wconf 83' lang='lat' dir='ltr'><strong>Tzsebnck.</strong></span> <span class='ocrx_word' id='word_1_94' title='bbox 432 1276 468 1339; x_wconf 88' lang='lat' dir='ltr'><strong>ad</strong></span> <span class='ocrx_word' id='word_1_95' title='bbox 491 1274 589 1339; x_wconf 86' lang='lat' dir='ltr'><strong>Strab.</strong></span> <span class='ocrx_word' id='word_1_96' title='bbox 613 1278 655 1341; x_wconf 84' lang='lat' dir='ltr'><strong>X.</strong></span> <span class='ocrx_word' id='word_1_97' title='bbox 677 1276 753 1344; x_wconf 79' lang='lat'>288.</span> <span class='ocrx_word' id='word_1_98' title='bbox 776 1266 931 1364; x_wconf 76' lang='grc' dir='ltr'><strong><em>Λαέρτης</em></strong></span> <span class='ocrx_word' id='word_1_99' title='bbox 953 1289 984 1342; x_wconf 79' lang='lat' dir='ltr'><strong>ct</strong></span> <span class='ocrx_word' id='word_1_100' title='bbox 1004 1283 1175 1365; x_wconf 82' lang='grc' dir='ltr'><strong><em>Δαὲρτιος,</em></strong></span> 
     </span>
     <span class='ocr_line' id='line_1_12' title="bbox 75 1374 1176 1466; baseline -0.002 -21"><span class='ocrx_word' id='word_1_101' title='bbox 75 1374 229 1464; x_wconf 74' lang='grc' dir='ltr'><strong><em>ἐριούνης</em></strong></span> <span class='ocrx_word' id='word_1_102' title='bbox 251 1390 282 1444; x_wconf 89' lang='lat' dir='ltr'><strong>et</strong></span> <span class='ocrx_word' id='word_1_103' title='bbox 306 1374 481 1464; x_wconf 74' lang='grc' dir='ltr'><strong><em>ἐριούνιος,</em></strong></span> <span class='ocrx_word' id='word_1_104' title='bbox 498 1379 639 1463; x_wconf 85' lang='lat' dir='ltr'><strong>simplicis</strong></span> <span class='ocrx_word' id='word_1_105' title='bbox 657 1379 927 1464; x_wconf 89' lang='lat' dir='ltr'><strong>paraschematismi</strong></span> <span class='ocrx_word' id='word_1_106' title='bbox 943 1382 1069 1465; x_wconf 82' lang='lat' dir='ltr'><strong>vestigia</strong></span> <span class='ocrx_word' id='word_1_107' title='bbox 1085 1404 1176 1466; x_wconf 85' lang='lat' dir='ltr'><strong>agno-</strong></span> 
     </span>
     <span class='ocr_line' id='line_1_13' title="bbox 75 1481 1212 1569; baseline 0.003 -23"><span class='ocrx_word' id='word_1_108' title='bbox 75 1503 139 1546; x_wconf 87' lang='lat' dir='ltr'><strong>sco.</strong></span> <span class='ocrx_word' id='word_1_109' title='bbox 185 1482 265 1547; x_wconf 87' lang='lat' dir='ltr'><strong>llaec</strong></span> <span class='ocrx_word' id='word_1_110' title='bbox 278 1481 370 1545; x_wconf 87' lang='lat' dir='ltr'><strong>multo</strong></span> <span class='ocrx_word' id='word_1_111' title='bbox 392 1481 539 1566; x_wconf 81' lang='lat' dir='ltr'><strong>copiosius</strong></span> <span class='ocrx_word' id='word_1_112' title='bbox 561 1483 683 1546; x_wconf 90' lang='lat' dir='ltr'><strong>tractari</strong></span> <span class='ocrx_word' id='word_1_113' title='bbox 705 1493 830 1567; x_wconf 76' lang='lat' dir='ltr'><strong>possunt</strong></span> <span class='ocrx_word' id='word_1_114' title='bbox 852 1492 883 1546; x_wconf 87' lang='lat' dir='ltr'><strong>et</strong></span> <span class='ocrx_word' id='word_1_115' title='bbox 896 1482 1045 1569; x_wconf 8' lang='lat' dir='ltr'><strong>*limatius</strong></span> <span class='ocrx_word' id='word_1_116' title='bbox 1068 1485 1120 1546; x_wconf 92' lang='lat' dir='ltr'><strong>sed</strong></span> <span class='ocrx_word' id='word_1_117' title='bbox 1143 1496 1177 1550; x_wconf 90' lang='lat' dir='ltr'><strong>nt</strong></span> <span class='ocrx_word' id='word_1_118' title='bbox 1206 1546 1212 1557; x_wconf 82' lang='grc'><strong>,</strong></span> 
     </span>
     <span class='ocr_line' id='line_1_14' title="bbox 74 1583 1176 1670; baseline 0.002 -22"><span class='ocrx_word' id='word_1_119' title='bbox 74 1586 112 1648; x_wconf 91' lang='lat' dir='ltr'><strong>ad</strong></span> <span class='ocrx_word' id='word_1_120' title='bbox 134 1595 303 1648; x_wconf 88' lang='lat' dir='ltr'><strong>extremum</strong></span> <span class='ocrx_word' id='word_1_121' title='bbox 324 1594 356 1647; x_wconf 91' lang='lat' dir='ltr'><strong>et</strong></span> <span class='ocrx_word' id='word_1_122' title='bbox 379 1604 435 1667; x_wconf 93' lang='lat' dir='ltr'><strong>quo</strong></span> <span class='ocrx_word' id='word_1_123' title='bbox 466 1604 538 1667; x_wconf 92' lang='lat' dir='ltr'><strong>opus</strong></span> <span class='ocrx_word' id='word_1_124' title='bbox 566 1594 613 1647; x_wconf 90' lang='lat' dir='ltr'><strong>cst</strong></span> <span class='ocrx_word' id='word_1_125' title='bbox 641 1583 714 1648; x_wconf 91' lang='lat' dir='ltr'><strong>baec</strong></span> <span class='ocrx_word' id='word_1_126' title='bbox 741 1586 920 1670; x_wconf 73' lang='lat' dir='ltr'><strong>perducatur</strong></span> <span class='ocrx_word' id='word_1_127' title='bbox 948 1585 1081 1668; x_wconf 80' lang='lat' dir='ltr'><strong>quaestio</strong></span> <span class='ocrx_word' id='word_1_128' title='bbox 1109 1586 1176 1650; x_wconf 87' lang='lat' dir='ltr'><strong>lieri</strong></span> 
     </span>
     <span class='ocr_line' id='line_1_15' title="bbox 74 1686 1175 1772; baseline 0.002 -23"><span class='ocrx_word' id='word_1_129' title='bbox 74 1708 161 1772; x_wconf 91' lang='lat' dir='ltr'><strong>posse</strong></span> <span class='ocrx_word' id='word_1_130' title='bbox 183 1689 327 1771; x_wconf 85' lang='lat' dir='ltr'><strong>despero,</strong></span> <span class='ocrx_word' id='word_1_131' title='bbox 350 1686 481 1750; x_wconf 86' lang='lat' dir='ltr'><strong>maxime</strong></span> <span class='ocrx_word' id='word_1_132' title='bbox 512 1687 587 1770; x_wconf 92' lang='lat' dir='ltr'><strong>quod</strong></span> <span class='ocrx_word' id='word_1_133' title='bbox 608 1688 644 1750; x_wconf 93' lang='lat' dir='ltr'><strong>ad</strong></span> <span class='ocrx_word' id='word_1_134' title='bbox 666 1687 819 1772; x_wconf 80' lang='lat' dir='ltr'><strong>gentilicia</strong></span> <span class='ocrx_word' id='word_1_135' title='bbox 850 1687 968 1751; x_wconf 89' lang='lat' dir='ltr'><strong>attinet.</strong></span> <span class='ocrx_word' id='word_1_136' title='bbox 1013 1686 1116 1770; x_wconf 84' lang='lat' dir='ltr'><strong>Neque</strong></span> <span class='ocrx_word' id='word_1_137' title='bbox 1145 1688 1175 1751; x_wconf 91' lang='lat' dir='ltr'><strong>id</strong></span> 
     </span>
     <span class='ocr_line' id='line_1_16' title="bbox 75 1787 1176 1873; baseline 0 -20"><span class='ocrx_word' id='word_1_138' title='bbox 75 1788 236 1854; x_wconf 86' lang='lat' dir='ltr'><strong>effecturus</strong></span> <span class='ocrx_word' id='word_1_139' title='bbox 258 1789 366 1853; x_wconf 85' lang='lat' dir='ltr'><strong>luisset</strong></span> <span class='ocrx_word' id='word_1_140' title='bbox 388 1788 427 1852; x_wconf 90' lang='lat' dir='ltr'><strong>ls.</strong></span> <span class='ocrx_word' id='word_1_141' title='bbox 439 1788 575 1863; x_wconf 89' lang='lat' dir='ltr'><strong>Vossius,</strong></span> <span class='ocrx_word' id='word_1_142' title='bbox 600 1789 650 1872; x_wconf 90' lang='lat' dir='ltr'><strong>qui</strong></span> <span class='ocrx_word' id='word_1_143' title='bbox 671 1790 707 1852; x_wconf 90' lang='lat' dir='ltr'><strong>ad</strong></span> <span class='ocrx_word' id='word_1_144' title='bbox 727 1789 800 1853; x_wconf 89' lang='lat' dir='ltr'><strong>Mel.</strong></span> <span class='ocrx_word' id='word_1_145' title='bbox 825 1787 849 1851; x_wconf 90' lang='lat' dir='ltr'><strong>l.</strong></span> <span class='ocrx_word' id='word_1_146' title='bbox 873 1789 906 1864; x_wconf 70' lang='lat'><strong>2,</strong></span> <span class='ocrx_word' id='word_1_147' title='bbox 931 1787 961 1852; x_wconf 88' lang='grc'><strong>5.</strong></span> <span class='ocrx_word' id='word_1_148' title='bbox 987 1789 1176 1873; x_wconf 81' lang='lat' dir='ltr'><strong>sic&#39;pronun·</strong></span> 
     </span>
     <span class='ocr_line' id='line_1_17' title="bbox 75 1890 1172 1975; baseline 0.001 -21"><span class='ocrx_word' id='word_1_149' title='bbox 75 1891 147 1965; x_wconf 86' lang='lat' dir='ltr'><strong>ciat,</strong></span> <span class='ocrx_word' id='word_1_150' title='bbox 170 1893 206 1954; x_wconf 92' lang='lat' dir='ltr'><strong>ab</strong></span> <span class='ocrx_word' id='word_1_151' title='bbox 227 1891 308 1955; x_wconf 85' lang='lat' dir='ltr'><strong>Ariis</strong></span> <span class='ocrx_word' id='word_1_152' title='bbox 329 1890 459 1954; x_wconf 87' lang='lat' dir='ltr'><strong>Arianos</strong></span> <span class='ocrx_word' id='word_1_153' title='bbox 481 1891 685 1955; x_wconf 89' lang='lat' dir='ltr'><strong>denominatos</strong></span> <span class='ocrx_word' id='word_1_154' title='bbox 707 1912 794 1966; x_wconf 90' lang='lat' dir='ltr'><strong>esse,</strong></span> <span class='ocrx_word' id='word_1_155' title='bbox 815 1911 836 1954; x_wconf 90' lang='lat' dir='ltr'><strong>a</strong></span> <span class='ocrx_word' id='word_1_156' title='bbox 857 1890 973 1974; x_wconf 85' lang='lat' dir='ltr'><strong>Sogdiis</strong></span> <span class='ocrx_word' id='word_1_157' title='bbox 997 1891 1172 1975; x_wconf 85' lang='lat' dir='ltr'><strong>Sogdianos,</strong></span> 
     </span>
     <span class='ocr_line' id='line_1_18' title="bbox 73 1993 1174 2078; baseline -0.001 -21"><span class='ocrx_word' id='word_1_158' title='bbox 73 1993 238 2058; x_wconf 85' lang='lat' dir='ltr'><strong>abactriis</strong></span> <span class='ocrx_word' id='word_1_159' title='bbox 260 1993 444 2072; x_wconf 80' lang='lat' dir='ltr'><strong>Bactrianos,</strong></span> <span class='ocrx_word' id='word_1_160' title='bbox 466 1994 628 2078; x_wconf 81' lang='lat' dir='ltr'><strong>aDrungis</strong></span> <span class='ocrx_word' id='word_1_161' title='bbox 643 1994 841 2078; x_wconf 84' lang='lat' dir='ltr'><strong>Drangianos,</strong></span> <span class='ocrx_word' id='word_1_162' title='bbox 864 2014 957 2077; x_wconf 92' lang='lat' dir='ltr'><strong>eaque</strong></span> <span class='ocrx_word' id='word_1_163' title='bbox 979 1994 1100 2057; x_wconf 90' lang='lat' dir='ltr'><strong>nomina</strong></span> <span class='ocrx_word' id='word_1_164' title='bbox 1113 2015 1174 2057; x_wconf 88' lang='lat' dir='ltr'><strong>non</strong></span> 
     </span>
     <span class='ocr_line' id='line_1_19' title="bbox 75 2090 1174 2184; baseline -0.001 -24"><span class='ocrx_word' id='word_1_165' title='bbox 75 2096 216 2160; x_wconf 86' lang='lat' dir='ltr'><strong>conlundi</strong></span> <span class='ocrx_word' id='word_1_166' title='bbox 237 2095 297 2159; x_wconf 90' lang='lat' dir='ltr'><strong>nisi</strong></span> <span class='ocrx_word' id='word_1_167' title='bbox 318 2098 354 2159; x_wconf 87' lang='lat' dir='ltr'><strong>ab</strong></span> <span class='ocrx_word' id='word_1_168' title='bbox 379 2090 663 2183; x_wconf 77' lang='grc' dir='ltr'><strong><em>οἶγεωγραφήτοις.</em></strong></span> <span class='ocrx_word' id='word_1_169' title='bbox 707 2095 855 2161; x_wconf 90' lang='lat' dir='ltr'><strong>Nimirum</strong></span> <span class='ocrx_word' id='word_1_170' title='bbox 883 2100 911 2160; x_wconf 87' lang='lat' dir='ltr'><strong>si</strong></span> <span class='ocrx_word' id='word_1_171' title='bbox 938 2097 1077 2184; x_wconf 89' lang='lat' dir='ltr'><strong>quidquid</strong></span> <span class='ocrx_word' id='word_1_172' title='bbox 1103 2116 1174 2160; x_wconf 90' lang='lat' dir='ltr'><strong>eon·</strong></span> 
     </span>
     <span class='ocr_line' id='line_1_20' title="bbox 73 2197 1211 2283; baseline 0.001 -21"><span class='ocrx_word' id='word_1_173' title='bbox 73 2210 122 2263; x_wconf 83' lang='lat' dir='ltr'><strong>tra</strong></span> <span class='ocrx_word' id='word_1_174' title='bbox 143 2197 263 2262; x_wconf 88' lang='lat' dir='ltr'><strong>venerit</strong></span> <span class='ocrx_word' id='word_1_175' title='bbox 283 2209 336 2261; x_wconf 90' lang='lat' dir='ltr'><strong>aut</strong></span> <span class='ocrx_word' id='word_1_176' title='bbox 356 2198 544 2261; x_wconf 85' lang='lat' dir='ltr'><strong>librariorum</strong></span> <span class='ocrx_word' id='word_1_177' title='bbox 568 2199 859 2282; x_wconf 84' lang='lat' dir='ltr'><strong>errori&#39;imputetur,</strong></span> <span class='ocrx_word' id='word_1_178' title='bbox 884 2221 957 2283; x_wconf 85' lang='lat' dir='ltr'><strong>quos</strong></span> <span class='ocrx_word' id='word_1_179' title='bbox 985 2211 1099 2264; x_wconf 89' lang='lat' dir='ltr'><strong>eertum</strong></span> <span class='ocrx_word' id='word_1_180' title='bbox 1128 2209 1176 2263; x_wconf 88' lang='lat' dir='ltr'><strong>est</strong></span> <span class='ocrx_word' id='word_1_181' title='bbox 1207 2208 1211 2212; x_wconf 77' lang='grc'><strong>”</strong></span> 
     </span>
     <span class='ocr_line' id='line_1_21' title="bbox 72 2299 1174 2385; baseline 0.001 -20"><span class='ocrx_word' id='word_1_182' title='bbox 72 2306 107 2365; x_wconf 92' lang='lat' dir='ltr'><strong>in</strong></span> <span class='ocrx_word' id='word_1_183' title='bbox 130 2299 176 2363; x_wconf 88' lang='lat' dir='ltr'><strong>bis</strong></span> <span class='ocrx_word' id='word_1_184' title='bbox 200 2299 456 2363; x_wconf 87' lang='lat' dir='ltr'><strong>terminationibus</strong></span> <span class='ocrx_word' id='word_1_185' title='bbox 478 2320 566 2385; x_wconf 86' lang='lat' dir='ltr'><strong>saepe</strong></span> <span class='ocrx_word' id='word_1_186' title='bbox 585 2301 761 2372; x_wconf 88' lang='lat' dir='ltr'><strong>vacillasse,</strong></span> <span class='ocrx_word' id='word_1_187' title='bbox 790 2310 843 2361; x_wconf 89' lang='lat' dir='ltr'><strong>aut</strong></span> <span class='ocrx_word' id='word_1_188' title='bbox 865 2302 1055 2364; x_wconf 89' lang='lat' dir='ltr'><strong>scribentium</strong></span> <span class='ocrx_word' id='word_1_189' title='bbox 1078 2302 1174 2367; x_wconf 88' lang='lat' dir='ltr'><strong>insci-</strong></span> 
     </span>
     <span class='ocr_line' id='line_1_22' title="bbox 72 2400 1171 2487; baseline 0 -20"><span class='ocrx_word' id='word_1_190' title='bbox 72 2404 152 2478; x_wconf 85' lang='lat' dir='ltr'><strong>tiae,</strong></span> <span class='ocrx_word' id='word_1_191' title='bbox 178 2403 214 2466; x_wconf 92' lang='lat' dir='ltr'><strong>de</strong></span> <span class='ocrx_word' id='word_1_192' title='bbox 239 2423 295 2485; x_wconf 86' lang='lat' dir='ltr'><strong>qua</strong></span> <span class='ocrx_word' id='word_1_193' title='bbox 321 2414 436 2466; x_wconf 85' lang='lat' dir='ltr'><strong>tantum</strong></span> <span class='ocrx_word' id='word_1_194' title='bbox 466 2403 551 2466; x_wconf 91' lang='lat' dir='ltr'><strong>nobis</strong></span> <span class='ocrx_word' id='word_1_195' title='bbox 586 2401 730 2487; x_wconf 81' lang='lat' dir='ltr'><strong>suspicari</strong></span> <span class='ocrx_word' id='word_1_196' title='bbox 757 2400 828 2463; x_wconf 91' lang='lat' dir='ltr'><strong>licet</strong></span> <span class='ocrx_word' id='word_1_197' title='bbox 855 2411 995 2483; x_wconf 85' lang='lat' dir='ltr'><strong>quantum</strong></span> <span class='ocrx_word' id='word_1_198' title='bbox 1023 2402 1171 2478; x_wconf 90' lang='lat' dir='ltr'><strong>volumus,</strong></span> 
     </span>
     <span class='ocr_line' id='line_1_23' title="bbox 73 2502 1172 2589; baseline -0.004 -19"><span class='ocrx_word' id='word_1_199' title='bbox 73 2518 126 2570; x_wconf 91' lang='lat' dir='ltr'><strong>ant</strong></span> <span class='ocrx_word' id='word_1_200' title='bbox 155 2504 294 2569; x_wconf 91' lang='lat' dir='ltr'><strong>licentiae</strong></span> <span class='ocrx_word' id='word_1_201' title='bbox 322 2517 498 2589; x_wconf 88' lang='lat' dir='ltr'><strong>poetarum,</strong></span> <span class='ocrx_word' id='word_1_202' title='bbox 528 2525 613 2588; x_wconf 63' lang='lat' dir='ltr'><strong>pam</strong></span> <span class='ocrx_word' id='word_1_203' title='bbox 641 2523 747 2568; x_wconf 89' lang='lat' dir='ltr'><strong>severe</strong></span> <span class='ocrx_word' id='word_1_204' title='bbox 777 2502 903 2586; x_wconf 85' lang='lat' dir='ltr'><strong>castigat</strong></span> <span class='ocrx_word' id='word_1_205' title='bbox 931 2503 1107 2588; x_wconf 84' lang='lat' dir='ltr'><strong>Bernhardy</strong></span> <span class='ocrx_word' id='word_1_206' title='bbox 1135 2505 1172 2568; x_wconf 88' lang='lat' dir='ltr'><strong>ad</strong></span> 
     </span>
     <span class='ocr_line' id='line_1_24' title="bbox 73 2606 1172 2692; baseline -0.004 -20"><span class='ocrx_word' id='word_1_207' title='bbox 73 2609 164 2673; x_wconf 88' lang='lat' dir='ltr'><strong>Dion.</strong></span> <span class='ocrx_word' id='word_1_208' title='bbox 187 2629 217 2692; x_wconf 89' lang='lat' dir='ltr'><strong>p.</strong></span> <span class='ocrx_word' id='word_1_209' title='bbox 241 2606 316 2672; x_wconf 79' lang='lat'><strong>759.</strong></span> <span class='ocrx_word' id='word_1_210' title='bbox 342 2618 373 2671; x_wconf 92' lang='lat' dir='ltr'><strong>et</strong></span> <span class='ocrx_word' id='word_1_211' title='bbox 393 2606 468 2678; x_wconf 83' lang='lat'><strong>773.</strong></span> <span class='ocrx_word' id='word_1_212' title='bbox 499 2607 573 2671; x_wconf 90' lang='lat' dir='ltr'><strong>nibil</strong></span> <span class='ocrx_word' id='word_1_213' title='bbox 594 2606 665 2683; x_wconf 91' lang='lat' dir='ltr'><strong>erit,</strong></span> <span class='ocrx_word' id='word_1_214' title='bbox 689 2606 765 2689; x_wconf 94' lang='lat' dir='ltr'><strong>quod</strong></span> <span class='ocrx_word' id='word_1_215' title='bbox 787 2627 847 2669; x_wconf 92' lang='lat' dir='ltr'><strong>non</strong></span> <span class='ocrx_word' id='word_1_216' title='bbox 871 2606 1000 2689; x_wconf 85' lang='lat' dir='ltr'><strong>quadret</strong></span> <span class='ocrx_word' id='word_1_217' title='bbox 1015 2606 1052 2667; x_wconf 90' lang='lat' dir='ltr'><strong>ad</strong></span> <span class='ocrx_word' id='word_1_218' title='bbox 1073 2626 1172 2668; x_wconf 90' lang='lat' dir='ltr'><strong>amus-</strong></span> 
     </span>
     <span class='ocr_line' id='line_1_25' title="bbox 72 2708 1173 2794; baseline -0.004 -19"><span class='ocrx_word' id='word_1_219' title='bbox 72 2712 143 2776; x_wconf 86' lang='lat' dir='ltr'><strong>sim.</strong></span> <span class='ocrx_word' id='word_1_220' title='bbox 181 2711 227 2774; x_wconf 86' lang='lat' dir='ltr'><strong>Et</strong></span> <span class='ocrx_word' id='word_1_221' title='bbox 248 2720 330 2774; x_wconf 91' lang='lat' dir='ltr'><strong>certe</strong></span> <span class='ocrx_word' id='word_1_222' title='bbox 352 2720 387 2773; x_wconf 91' lang='lat' dir='ltr'><strong>ut</strong></span> <span class='ocrx_word' id='word_1_223' title='bbox 406 2710 449 2774; x_wconf 89' lang='lat' dir='ltr'><strong>ita</strong></span> <span class='ocrx_word' id='word_1_224' title='bbox 477 2720 569 2788; x_wconf 90' lang='lat' dir='ltr'><strong>esset,</strong></span> <span class='ocrx_word' id='word_1_225' title='bbox 593 2708 718 2794; x_wconf 89' lang='lat' dir='ltr'><strong>optabile</strong></span> <span class='ocrx_word' id='word_1_226' title='bbox 748 2719 814 2772; x_wconf 91' lang='lat' dir='ltr'><strong>erat</strong></span> <span class='ocrx_word' id='word_1_227' title='bbox 841 2729 902 2784; x_wconf 90' lang='lat' dir='ltr'><strong>nop</strong></span> <span class='ocrx_word' id='word_1_228' title='bbox 928 2708 1013 2771; x_wconf 92' lang='lat' dir='ltr'><strong>modo</strong></span> <span class='ocrx_word' id='word_1_229' title='bbox 1029 2727 1173 2792; x_wconf 73' lang='lat' dir='ltr'><strong>geogra-</strong></span> 
     </span>
     <span class='ocr_line' id='line_1_26' title="bbox 72 2805 1172 2898; baseline 0.001 -23"><span class='ocrx_word' id='word_1_230' title='bbox 72 2813 159 2898; x_wconf 84' lang='lat' dir='ltr'><strong>phiae</strong></span> <span class='ocrx_word' id='word_1_231' title='bbox 182 2832 270 2878; x_wconf 87' lang='lat' dir='ltr'><strong>causa</strong></span> <span class='ocrx_word' id='word_1_232' title='bbox 292 2812 343 2876; x_wconf 90' lang='lat' dir='ltr'><strong>sed</strong></span> <span class='ocrx_word' id='word_1_233' title='bbox 365 2812 588 2896; x_wconf 82' lang='lat' dir='ltr'><strong>grammaticae,</strong></span> <span class='ocrx_word' id='word_1_234' title='bbox 611 2811 658 2875; x_wconf 88' lang='lat' dir='ltr'><strong>cui</strong></span> <span class='ocrx_word' id='word_1_235' title='bbox 681 2820 766 2893; x_wconf 89' lang='lat' dir='ltr'><strong>turpe</strong></span> <span class='ocrx_word' id='word_1_236' title='bbox 788 2822 835 2874; x_wconf 91' lang='lat' dir='ltr'><strong>cst</strong></span> <span class='ocrx_word' id='word_1_237' title='bbox 856 2810 986 2886; x_wconf 87' lang='lat' dir='ltr'><strong>nescire,</strong></span> <span class='ocrx_word' id='word_1_238' title='bbox 1008 2805 1172 2884; x_wconf 80' lang='grc' dir='ltr'><strong><em>Βοιώτιος</em></strong></span> 
     </span>
     <span class='ocr_line' id='line_1_27' title="bbox 71 2911 1170 3001; baseline -0.006 -19"><span class='ocrx_word' id='word_1_239' title='bbox 71 2911 159 3001; x_wconf 77' lang='grc' dir='ltr'><strong><em>οἷνὴρ</em></strong></span> <span class='ocrx_word' id='word_1_240' title='bbox 181 2914 213 2978; x_wconf 91' lang='lat' dir='ltr'><strong>iu</strong></span> <span class='ocrx_word' id='word_1_241' title='bbox 234 2925 339 2981; x_wconf 89' lang='lat' dir='ltr'><strong>vetere</strong></span> <span class='ocrx_word' id='word_1_242' title='bbox 366 2915 506 2994; x_wconf 85' lang='lat' dir='ltr'><strong>oraculo,</strong></span> <span class='ocrx_word' id='word_1_243' title='bbox 537 2925 677 2978; x_wconf 91' lang='lat' dir='ltr'><strong>utrumne</strong></span> <span class='ocrx_word' id='word_1_244' title='bbox 706 2915 852 2997; x_wconf 85' lang='lat' dir='ltr'><strong>adjective</strong></span> <span class='ocrx_word' id='word_1_245' title='bbox 880 2914 994 2976; x_wconf 86' lang='lat' dir='ltr'><strong>dicatur</strong></span> <span class='ocrx_word' id='word_1_246' title='bbox 1022 2922 1055 2975; x_wconf 89' lang='lat' dir='ltr'><strong>ut</strong></span> <span class='ocrx_word' id='word_1_247' title='bbox 1084 2912 1170 2975; x_wconf 94' lang='lat' dir='ltr'><strong>bomo</strong></span> 
     </span>
     <span class='ocr_line' id='line_1_28' title="bbox 72 3011 1170 3104; baseline -0.004 -23"><span class='ocrx_word' id='word_1_248' title='bbox 72 3037 214 3081; x_wconf 88' lang='lat' dir='ltr'><strong>romanus</strong></span> <span class='ocrx_word' id='word_1_249' title='bbox 236 3037 275 3079; x_wconf 93' lang='lat' dir='ltr'><strong>an</strong></span> <span class='ocrx_word' id='word_1_250' title='bbox 297 3018 482 3082; x_wconf 88' lang='lat' dir='ltr'><strong>substantive</strong></span> <span class='ocrx_word' id='word_1_251' title='bbox 511 3028 545 3079; x_wconf 87' lang='lat' dir='ltr'><strong>nt</strong></span> <span class='ocrx_word' id='word_1_252' title='bbox 571 3011 728 3104; x_wconf 79' lang='grc' dir='ltr'><strong><em>βασιλεύς</em></strong></span> <span class='ocrx_word' id='word_1_253' title='bbox 748 3011 848 3101; x_wconf 67' lang='grc' dir='ltr'><strong><em>α’νοξρ.</em></strong></span> <span class='ocrx_word' id='word_1_254' title='bbox 893 3015 949 3078; x_wconf 91' lang='lat' dir='ltr'><strong>Sed</strong></span> <span class='ocrx_word' id='word_1_255' title='bbox 967 3017 1028 3098; x_wconf 91' lang='lat' dir='ltr'><strong>jam</strong></span> <span class='ocrx_word' id='word_1_256' title='bbox 1050 3014 1170 3079; x_wconf 92' lang='lat' dir='ltr'><strong>veniam</strong></span> 
     </span>
     <span class='ocr_line' id='line_1_29' title="bbox 72 3116 1170 3204; baseline -0.002 -22"><span class='ocrx_word' id='word_1_257' title='bbox 72 3120 110 3182; x_wconf 86' lang='lat' dir='ltr'><strong>ad</strong></span> <span class='ocrx_word' id='word_1_258' title='bbox 125 3118 302 3203; x_wconf 90' lang='lat' dir='ltr'><strong>appellativa</strong></span> <span class='ocrx_word' id='word_1_259' title='bbox 317 3119 474 3204; x_wconf 87' lang='lat' dir='ltr'><strong>ordiarqnc</strong></span> <span class='ocrx_word' id='word_1_260' title='bbox 496 3122 531 3182; x_wconf 90' lang='lat' dir='ltr'><strong>ab</strong></span> <span class='ocrx_word' id='word_1_261' title='bbox 553 3120 604 3182; x_wconf 92' lang='lat' dir='ltr'><strong>illo</strong></span> <span class='ocrx_word' id='word_1_262' title='bbox 619 3118 751 3194; x_wconf 92' lang='lat' dir='ltr'><strong>nomine,</strong></span> <span class='ocrx_word' id='word_1_263' title='bbox 770 3119 845 3201; x_wconf 91' lang='lat' dir='ltr'><strong>quod</strong></span> <span class='ocrx_word' id='word_1_264' title='bbox 859 3117 892 3179; x_wconf 89' lang='lat' dir='ltr'><strong>in</strong></span> <span class='ocrx_word' id='word_1_265' title='bbox 902 3116 1050 3200; x_wconf 84' lang='lat' dir='ltr'><strong>Apollonii</strong></span> <span class='ocrx_word' id='word_1_266' title='bbox 1066 3136 1170 3180; x_wconf 83' lang='lat' dir='ltr'><strong>exem·</strong></span> 
     </span>
     <span class='ocr_line' id='line_1_30' title="bbox 72 3218 1169 3307; baseline 0 -23"><span class='ocrx_word' id='word_1_267' title='bbox 72 3221 130 3307; x_wconf 89' lang='lat' dir='ltr'><strong>plis</strong></span> <span class='ocrx_word' id='word_1_268' title='bbox 152 3221 314 3285; x_wconf 86' lang='lat' dir='ltr'><strong>seeundum</strong></span> <span class='ocrx_word' id='word_1_269' title='bbox 337 3231 394 3285; x_wconf 88' lang='lat' dir='ltr'><strong>est.</strong></span> <span class='ocrx_word' id='word_1_270' title='bbox 441 3221 512 3301; x_wconf 83' lang='lat' dir='ltr'><strong>Quis</strong></span> <span class='ocrx_word' id='word_1_271' title='bbox 543 3232 660 3295; x_wconf 89' lang='lat' dir='ltr'><strong>autem,</strong></span> <span class='ocrx_word' id='word_1_272' title='bbox 693 3240 780 3303; x_wconf 90' lang='lat' dir='ltr'><strong>quum</strong></span> <span class='ocrx_word' id='word_1_273' title='bbox 810 3220 843 3282; x_wconf 91' lang='lat' dir='ltr'><strong>in</strong></span> <span class='ocrx_word' id='word_1_274' title='bbox 865 3218 993 3283; x_wconf 85' lang='lat' dir='ltr'><strong>Orestae</strong></span> <span class='ocrx_word' id='word_1_275' title='bbox 1014 3219 1118 3304; x_wconf 85' lang='lat' dir='ltr'><strong>Epigr.</strong></span> <span class='ocrx_word' id='word_1_276' title='bbox 1143 3219 1169 3285; x_wconf 85' lang='lat' dir='ltr'><strong>l.</strong></span> 
     </span>
     <span class='ocr_line' id='line_1_31' title="bbox 72 3306 1169 3409; baseline -0.004 -22"><span class='ocrx_word' id='word_1_277' title='bbox 72 3323 182 3408; x_wconf 83' lang='lat' dir='ltr'><strong>legerit</strong></span> <span class='ocrx_word' id='word_1_278' title='bbox 203 3315 281 3388; x_wconf 78' lang='grc' dir='ltr'><strong><em>οὔτε</em></strong></span> <span class='ocrx_word' id='word_1_279' title='bbox 301 3344 346 3408; x_wconf 76' lang='lat' dir='ltr'><strong>pas</strong></span> <span class='ocrx_word' id='word_1_280' title='bbox 367 3318 579 3408; x_wconf 77' lang='grc' dir='ltr'><strong><em>παρθενικῆς</em></strong></span> <span class='ocrx_word' id='word_1_281' title='bbox 599 3321 712 3408; x_wconf 77' lang='grc' dir='ltr'><strong><em>τέρπει</em></strong></span> <span class='ocrx_word' id='word_1_282' title='bbox 728 3313 839 3409; x_wconf 74' lang='grc' dir='ltr'><strong><em>γάμος</em></strong></span> <span class='ocrx_word' id='word_1_283' title='bbox 852 3306 930 3387; x_wconf 78' lang='lat' dir='ltr'><strong>odas</strong></span> <span class='ocrx_word' id='word_1_284' title='bbox 943 3322 1090 3408; x_wconf 76' lang='grc' dir='ltr'><strong><em>γεραιῆς,</em></strong></span> <span class='ocrx_word' id='word_1_285' title='bbox 1109 3343 1169 3384; x_wconf 91' lang='lat' dir='ltr'><strong>non</strong></span> 
     </span>
     <span class='ocr_line' id='line_1_32' title="bbox 70 3423 1169 3510; baseline -0.003 -21"><span class='ocrx_word' id='word_1_286' title='bbox 70 3426 207 3510; x_wconf 91' lang='lat' dir='ltr'><strong>protinus</strong></span> <span class='ocrx_word' id='word_1_287' title='bbox 229 3423 380 3510; x_wconf 82' lang='lat' dir='ltr'><strong>intelliget</strong></span> <span class='ocrx_word' id='word_1_288' title='bbox 400 3436 556 3508; x_wconf 88' lang='lat' dir='ltr'><strong>utrumque</strong></span> <span class='ocrx_word' id='word_1_289' title='bbox 579 3447 631 3509; x_wconf 92' lang='lat' dir='ltr'><strong>pro</strong></span> <span class='ocrx_word' id='word_1_290' title='bbox 653 3424 840 3488; x_wconf 87' lang='lat' dir='ltr'><strong>substantivo</strong></span> <span class='ocrx_word' id='word_1_291' title='bbox 863 3444 930 3487; x_wconf 90' lang='lat' dir='ltr'><strong>esse</strong></span> <span class='ocrx_word' id='word_1_292' title='bbox 952 3424 1004 3486; x_wconf 94' lang='lat' dir='ltr'><strong>sed</strong></span> <span class='ocrx_word' id='word_1_293' title='bbox 1024 3445 1083 3487; x_wconf 93' lang='lat' dir='ltr'><strong>non</strong></span> <span class='ocrx_word' id='word_1_294' title='bbox 1101 3424 1169 3486; x_wconf 89' lang='lat' dir='ltr'><strong>sub·</strong></span> 
     </span>
     <span class='ocr_line' id='line_1_33' title="bbox 70 3525 1169 3610; baseline -0.005 -17"><span class='ocrx_word' id='word_1_295' title='bbox 70 3528 260 3593; x_wconf 79' lang='lat' dir='ltr'><strong>sunuvumt</strong></span> <span class='ocrx_word' id='word_1_296' title='bbox 284 3527 347 3608; x_wconf 79' lang='lat' dir='ltr'><strong>Qua</strong></span> <span class='ocrx_word' id='word_1_297' title='bbox 369 3527 405 3591; x_wconf 90' lang='lat' dir='ltr'><strong>de</strong></span> <span class='ocrx_word' id='word_1_298' title='bbox 427 3548 461 3590; x_wconf 90' lang='lat' dir='ltr'><strong>re</strong></span> <span class='ocrx_word' id='word_1_299' title='bbox 483 3547 521 3589; x_wconf 91' lang='lat' dir='ltr'><strong>ne</strong></span> <span class='ocrx_word' id='word_1_300' title='bbox 544 3549 600 3610; x_wconf 89' lang='lat' dir='ltr'><strong>qua</strong></span> <span class='ocrx_word' id='word_1_301' title='bbox 620 3527 751 3590; x_wconf 89' lang='lat' dir='ltr'><strong>resideat</strong></span> <span class='ocrx_word' id='word_1_302' title='bbox 771 3525 926 3600; x_wconf 88' lang='lat' dir='ltr'><strong>dubitatio,</strong></span> <span class='ocrx_word' id='word_1_303' title='bbox 949 3527 1088 3610; x_wconf 85' lang='lat' dir='ltr'><strong>expediet</strong></span> <span class='ocrx_word' id='word_1_304' title='bbox 1108 3546 1169 3588; x_wconf 93' lang='lat' dir='ltr'><strong>me·</strong></span> 
     </span>
     <span class='ocr_line' id='line_1_34' title="bbox 69 3619 1169 3716; baseline -0.002 -22"><span class='ocrx_word' id='word_1_305' title='bbox 69 3629 196 3695; x_wconf 80' lang='lat' dir='ltr'><strong>minicae</strong></span> <span class='ocrx_word' id='word_1_306' title='bbox 218 3629 372 3707; x_wconf 88' lang='lat' dir='ltr'><strong>similium,</strong></span> <span class='ocrx_word' id='word_1_307' title='bbox 394 3619 531 3713; x_wconf 76' lang='grc' dir='ltr'><strong><em>θήλειαι</em></strong></span> <span class='ocrx_word' id='word_1_308' title='bbox 556 3652 609 3715; x_wconf 93' lang='lat' dir='ltr'><strong>pro</strong></span> <span class='ocrx_word' id='word_1_309' title='bbox 630 3640 786 3716; x_wconf 72' lang='grc' dir='ltr'><strong><em>γυναῖκες</em></strong></span> <span class='ocrx_word' id='word_1_310' title='bbox 807 3637 838 3690; x_wconf 92' lang='lat' dir='ltr'><strong>et</strong></span> <span class='ocrx_word' id='word_1_311' title='bbox 859 3627 950 3714; x_wconf 84' lang='grc' dir='ltr'><strong><em>φύλα</em></strong></span> <span class='ocrx_word' id='word_1_312' title='bbox 968 3624 1169 3716; x_wconf 68' lang='grc' dir='ltr'><strong><em>γυναικείων</em></strong></span> 
     </span>
     <span class='ocr_line' id='line_1_35' title="bbox 70 3722 1167 3817; baseline -0.004 -21"><span class='ocrx_word' id='word_1_313' title='bbox 70 3731 270 3817; x_wconf 71' lang='lat' dir='ltr'><strong>anceyum.</strong></span> <span class='ocrx_word' id='word_1_314' title='bbox 293 3730 370 3815; x_wconf 82' lang='lat'><strong>11.⁷)</strong></span> <span class='ocrx_word' id='word_1_315' title='bbox 400 3725 581 3816; x_wconf 83' lang='grc' dir='ltr'><strong><em>ὀρφανικός</em></strong></span> <span class='ocrx_word' id='word_1_316' title='bbox 609 3753 662 3816; x_wconf 90' lang='lat' dir='ltr'><strong>pro</strong></span> <span class='ocrx_word' id='word_1_317' title='bbox 686 3724 853 3817; x_wconf 84' lang='grc' dir='ltr'><strong><em>ὀρφανός,</em></strong></span> <span class='ocrx_word' id='word_1_318' title='bbox 882 3722 1087 3802; x_wconf 77' lang='grc' dir='ltr'><strong><em>δεσπόσυνος</em></strong></span> <span class='ocrx_word' id='word_1_319' title='bbox 1113 3751 1167 3813; x_wconf 95' lang='lat' dir='ltr'><strong>pro</strong></span> 
     </span>
    </p>
   </div>
   <div class='ocr_carea' id='block_1_3' title="bbox 69 3866 281 3880">
    <p class='ocr_par' dir='ltr' id='par_1_3' title="bbox 69 3866 281 3880">
     <span class='ocr_line' id='line_1_36' title="bbox 69 3866 281 3880; baseline 0 0"><span class='ocrx_word' id='word_1_320' title='bbox 69 3866 281 3880; x_wconf 54' lang='grc' dir='ltr'><strong>μ--υ</strong></span> 
     </span>
    </p>
   </div>
   <div class='ocr_carea' id='block_1_4' title="bbox 69 3909 1168 4122">
    <p class='ocr_par' dir='ltr' id='par_1_4' title="bbox 69 3909 1168 4122">
     <span class='ocr_line' id='line_1_37' title="bbox 139 3909 1168 3982; baseline 0 -14"><span class='ocrx_word' id='word_1_321' title='bbox 139 3915 167 3980; x_wconf 84' lang='grc'><strong>7)</strong></span> <span class='ocrx_word' id='word_1_322' title='bbox 184 3915 301 3970; x_wconf 80' lang='grc' dir='ltr'><strong><em>Γύναιον</em></strong></span> <span class='ocrx_word' id='word_1_323' title='bbox 318 3913 442 3970; x_wconf 80' lang='lat' dir='ltr'><strong>Matthiae</strong></span> <span class='ocrx_word' id='word_1_324' title='bbox 456 3909 569 3968; x_wconf 66' lang='lat' dir='ltr'><strong>Gramm,</strong></span> <span class='ocrx_word' id='word_1_325' title='bbox 588 3917 752 3969; x_wconf 86' lang='lat' dir='ltr'><strong>deminutivis</strong></span> <span class='ocrx_word' id='word_1_326' title='bbox 771 3916 930 3980; x_wconf 82' lang='lat' dir='ltr'><strong>adnumerat,</strong></span> <span class='ocrx_word' id='word_1_327' title='bbox 949 3932 1056 3982; x_wconf 89' lang='lat' dir='ltr'><strong>quorum</strong></span> <span class='ocrx_word' id='word_1_328' title='bbox 1071 3916 1168 3968; x_wconf 86' lang='lat' dir='ltr'><strong>nullum</strong></span> 
     </span>
     <span class='ocr_line' id='line_1_38' title="bbox 69 3985 1166 4060; baseline -0.001 -23"><span class='ocrx_word' id='word_1_329' title='bbox 69 3987 137 4037; x_wconf 85' lang='lat' dir='ltr'><strong>banc</strong></span> <span class='ocrx_word' id='word_1_330' title='bbox 153 3985 259 4037; x_wconf 80' lang='lat' dir='ltr'><strong>formam</strong></span> <span class='ocrx_word' id='word_1_331' title='bbox 277 3987 370 4060; x_wconf 68' lang='lat' dir='ltr'><strong>bebetp</strong></span> <span class='ocrx_word' id='word_1_332' title='bbox 388 3996 427 4038; x_wconf 86' lang='lat' dir='ltr'><strong>cst</strong></span> <span class='ocrx_word' id='word_1_333' title='bbox 444 3986 529 4054; x_wconf 85' lang='lat' dir='ltr'><strong>potius</strong></span> <span class='ocrx_word' id='word_1_334' title='bbox 547 3992 666 4038; x_wconf 85' lang='lat' dir='ltr'><strong>nentrum</strong></span> <span class='ocrx_word' id='word_1_335' title='bbox 683 3987 806 4055; x_wconf 84' lang='lat' dir='ltr'><strong>adjectivi</strong></span> <span class='ocrx_word' id='word_1_336' title='bbox 829 3986 1018 4040; x_wconf 86' lang='lat' dir='ltr'><strong>ademinutiva</strong></span> <span class='ocrx_word' id='word_1_337' title='bbox 1041 3986 1166 4050; x_wconf 79' lang='lat' dir='ltr'><strong>significa·</strong></span> 
     </span>
     <span class='ocr_line' id='line_1_39' title="bbox 69 4054 450 4122; baseline 0.008 -16"><span class='ocrx_word' id='word_1_338' title='bbox 69 4054 143 4106; x_wconf 84' lang='lat' dir='ltr'><strong>tione</strong></span> <span class='ocrx_word' id='word_1_339' title='bbox 160 4071 282 4122; x_wconf 87' lang='lat' dir='ltr'><strong>persaepe</strong></span> <span class='ocrx_word' id='word_1_340' title='bbox 301 4056 450 4109; x_wconf 87' lang='lat' dir='ltr'><strong>discretum.</strong></span> 
     </span>
    </p>
   </div>
   <div class='ocr_carea' id='block_1_5' title="bbox 101 4139 962 4218">
    <p class='ocr_par' dir='ltr' id='par_1_5' title="bbox 101 4139 962 4218">
     <span class='ocr_line' id='line_1_40' title="bbox 101 4139 962 4218; baseline -0.002 -25"><span class='ocrx_word' id='word_1_341' title='bbox 101 4139 355 4210; x_wconf 63' lang='lat' dir='ltr'><strong>commearant.</strong></span> <span class='ocrx_word' id='word_1_342' title='bbox 846 4210 849 4216; x_wconf 9' lang='grc' dir='ltr'><strong><em>ρ</em></strong></span> <span class='ocrx_word' id='word_1_343' title='bbox 918 4150 962 4218; x_wconf 67' lang='lat' dir='ltr'><strong>2ss</strong></span> 
     </span>
    </p>
   </div>
   <div class='ocr_carea' id='block_1_6' title="bbox 0 0 1258 4492">
    <p class='ocr_par' dir='ltr' id='par_1_6' title="bbox 0 0 1258 4492">
     <span class='ocr_line' id='line_1_41' title="bbox 0 0 1258 4492; baseline 0 1"><span class='ocrx_word' id='word_1_344' title='bbox 0 0 1258 4492; x_wconf 95' lang='lat' dir='ltr'><strong> </strong></span> 
     </span>
    </p>
   </div>
  </div>
 </body>
</html>
