2506 4492
43 256 49 283 ,
117 200 189 268 284
464 189 869 263 111881111ΤΑΤ10111.

117 363 219 455 {non
238 396 345 461 purum
372 363 452 460 quae*
468 386 581 441 exeant
608 374 786 489 composita,
818 371 1011 457 reperiuntur
1026 368 1138 448 nulla,
1170 374 1219 437 sed

117 501 138 544 a
158 474 239 565 σάρξ
259 470 421 564 ἄσαρκος,
442 468 951 565 κακοέσαρκος,,ιιελαυόοαρκος,
972 467 1219 563 πυκκόοαρκος,

116 577 333 667 λιπόοαρκος,
356 601 409 664 pro
432 602 490 665 quo
510 581 701 645 Macedonius
721 579 776 663 Ep.
793 576 878 643 XVl.
902 566 1111 663 λιπουαρκής
1131 577 1219 653 dixit,

66 700 72 723 ¹
116 682 257 748 Manetbo
283 705 349 747 cum
371 682 529 749 metathesi
550 672 764 769 σαρκολιπής.
803 679 929 763 Legitur
951 679 1069 762 quidem
1091 683 1126 754 ἐς
1146 675 1220 747 iida-

116 806 180 872 poo
203 778 424 871 ἤοῖκαοοέρκα
452 785 502 850 vel
528 776 704 872 dodoopuc
729 781 816 846 Aret.
841 783 876 845 de
898 781 983 865 Siga.
1008 781 1092 845 Dint.
1115 781 1141 845 Ι.
1167 781 1220 859 12,

118 885 192 951 105.
212 885 249 950 ll.
266 886 297 964 1,
314 886 387 953 128.
404 909 449 973 sq.
472 885 536 955 πδκ
553 880 729 972 οἷυασοῖρκα
743 877 957 968 καλούμενοι
971 878 1092 971 ὕδεροκ
1109 883 1217 947 Galen.

117 989 153 1053 de
175 988 278 1073 Simpl.
301 990 416 1054 Facult.
440 989 496 1052 Xl.
521 986 560 1064 1,
582 986 658 1054 321.
682 988 717 1050 Τ.
740 985 810 1049 xll.
843 982 923 1060 τους
948 979 1139 1072 οἷκαοοὶρκας
1163 986 1221 1051 λε-

114 1090 284 1179 γομέυους
303 1088 462 1176 ὕδρωπας
479 1089 570 1153 Ther.
586 1090 624 1154 ad
643 1088 704 1152 Pis.
718 1086 789 1151 XV.
809 1086 885 1155 275.
903 1088 938 1150 Τ.
954 1087 1040 1152 XlV.
1061 1089 1101 1152 cl.
1119 1087 1219 1151 Schol.

116 1193 255 1277 Hippoer.
275 1193 310 1255 Τ.
330 1192 355 1254 l.
376 1188 449 1257 128.
474 1192 527 1255 sed
548 1191 579 1254 id
599 1190 720 1278 bypbeu
743 1210 810 1254 esse
831 1200 953 1274 apparet
973 1212 1016 1254 ex
1038 1190 1136 1254 Paul.·
1128 1189 1220 1275 Aeg.

115 1290 351 1371 111.48,106
382 1289 623 1380 υποοαρκίδιος
643 1288 809 1379 υ’δερος
785 1316 808 1417 ρ
829 1285 1025 1379 οἷκοίυαρκα,
1058 1303 1091 1356 et
1113 1292 1220 1357 Galen.

115 1393 153 1456 de
174 1392 288 1457 Facult.
311 1394 383 1461 Nat.
407 1395 431 1458 1.
457 1394 517 1472 11,
538 1393 593 1460 24.
623 1393 660 1457 Τ.
686 1393 724 1461 ll.
761 1420 800 1462 κο
793 1392 925 1483 ploce
950 1394 1020 1461 noio
1047 1389 1224 1483 υδέροκό

114 1517 205 1570 κιυες
227 1491 497 1583 ὄκομαὶζουοικ’
474 1489 668 1584 αυαυαέρκα,
698 1519 755 1562 nec
782 1516 851 1561 raro
880 1497 1073 1561 dirimuntur.
1119 1498 1225 1562 Hiero·

116 1597 200 1684 nymi
221 1599 314 1662 verba
341 1620 397 1663 cos
417 1599 572 1685 simplices
599 1609 630 1662 et
648 1598 850 1685 philosarcas
871 1599 976 1662 dicere
1001 1598 1224 1686 lexicographi

116 1698 202 1764 latini
223 1701 259 1764 ad
281 1701 497 1767 nominativum
512 1699 700 1787 philosarce
722 1702 871 1768 referunt.

625 1895 654 1976 §-
678 1892 711 1957 ι.

199 2009 260 2075 llas
287 2010 380 2095 igitur
407 2011 653 2088 terminationes,
685 2011 743 2076 etsi
769 2009 1038 2095 Grammaticorum
1064 2023 1222 2096 praecepto

115 2111 214 2178 minus
235 2112 361 2175 mobiles
383 2124 465 2188 sunt,
488 2123 589 2185 tamen
610 2132 823 2197 nonnunquam
844 2113 1014 2179 nominibus
1036 2113 1221 2178 neutralibus

114 2213 236 2296 adjungi
257 2212 410 2288 videmus,
428 2214 540 2298 ‚ntique
562 2235 622 2278 non
643 2214 675 2278 iu
698 2215 791 2299 primo
815 2236 904 2292 casu,
932 2216 984 2279 sed
1006 2214 1038 2277 in
1061 2216 1218 2300 proximis.

113 2314 190 2378 Nam
212 2325 246 2377 ut
266 2313 376 2377 Bianor
393 2315 447 2400 Ep.
468 2314 521 2379 lV.
540 2317 640 2380 Anall.
661 2316 699 2380 ll.
721 2314 794 2382 156.
818 2317 909 2381 Antb.
928 2316 992 2380 Pal.
1012 2316 1069 2379 lX.
1091 2338 1122 2380 n.
1144 2317 1217 2384 272.

113 2411 244 2506 ἅρπαγι
262 2413 362 2506 χείλει
383 2417 472 2495 dixit,
496 2417 539 2482 sic
560 2419 752 2504 Apollonides
773 2418 838 2483 Vll.
862 2440 894 2482 n.
913 2417 990 2484 238.
1014 2417 1136 2485 πεδίου
1157 2444 1221 2486 πο-

112 2512 317 2601 λυαυλακος,
349 2521 427 2604 quod
451 2521 559 2585 evitari
584 2532 701 2606 poterat
726 2523 862 2585 traducto
885 2521 922 2583 ad
944 2522 1105 2585 secundam
1129 2521 1219 2586 decli·

114 2623 265 2687 nationem
293 2622 432 2703 nomine,
466 2633 501 2686 ut
524 2620 690 2710 ψήφισμα
713 2620 881 2691 οἷκόλακου
906 2623 995 2708 Diog.
1019 2623 1074 2687 La.
1099 2621 1138 2686 ll.
1164 2623 1217 2686 41.

113 2722 234 2814 σμιλίῳ
258 2719 444 2810 όξυκοροέκςο
469 2724 553 2787 Paul.
572 2725 649 2811 Aeg.
667 2725 720 2791 Vl.
741 2725 794 2790 87.
820 2736 854 2790 ut
873 2716 1123 2814 πεκπαῖῤῥαγος,
1146 2725 1219 2811 quod

112 2827 200 2912 paulo
234 2837 304 2890 ante
335 2825 500 2909 attigimus.
550 2828 635 2910 Apud
664 2827 838 2893 Homeridas
870 2828 956 2893 modo
988 2824 1219 2901 πολυπίδακος

107 2922 202 3016 Ἴδης
227 2928 339 3014 legitur
359 2926 527 2992 Aristarchi
549 2928 692 3014 suffragio
713 2932 868 3014 probatum
890 2929 925 2993 ll.
949 2929 1022 2992 XX.
1051 2927 1103 2994 59.
1134 2930 1218 2992 modo

113 3025 361 3112 πολυπιδάκου,
383 3041 417 3095 ut
433 3053 496 3097 που
482 3024 771 3119 α’ρκτοφυλοῖκου
788 3033 886 3097 Proel.
909 3031 946 3095 ad
960 3030 1033 3094 lles.
1054 3030 1127 3116 Opp.
1144 3030 1217 3096 564.

114 3130 195 3205 κους
216 3126 543 3230 πλαγιοφυλάκους
533 3156 566 3197 1n
589 3136 654 3200 cod.
679 3135 766 3199 Diod.
789 3135 877 3198 XlX.
902 3132 955 3198 82.
986 3132 1038 3198 sed
1060 3145 1217 3218 utrumque

114 3237 293 3319 suspectius.
344 3237 402 3300 Pro
429 3226 634 3314 ὀξυπυκδαξ,
665 3239 879 3325 φιλομεῖραξ,
912 3237 1078 3301 succedunt
1104 3236 1219 3321 longius

115 3329 1219 3426 δοδοοῑοοξυπυκδακωκοςΕοεῑ.11871228.φιλομειράκιος.Ηοεο

73 3518 76 3527 Ι
114 3461 204 3525 quum
225 3439 267 3503 ita
288 3439 366 3517 sint,
397 3461 544 3525 quumque
565 3442 700 3506 verbalia
724 3442 894 3532 consimiles
916 3441 1149 3506 terminationes
1170 3440 1220 3503 ba·

113 3544 222 3619 beant,
245 3533 462 3628 deadpnoyoe,
484 3537 787 3634 nopdoooopo'poe,
812 3538 1067 3632 coopoopa'yor,
1092 3540 1220 3610 αὐκοίλ-

114 3645 231 3733 loyce,
257 3642 465 3732 κεοσφαγής,
498 3669 558 3713 non
584 3647 693 3712 mirum
720 3658 767 3712 est
792 3650 867 3733 apud
894 3648 1057 3731 scriptores
1086 3645 1219 3710 numeris

114 3746 228 3811 solutos
247 3745 361 3811 nullum
379 3749 569 3834 asyntaxiae,
589 3750 626 3814 de
642 3771 698 3834 qua
714 3748 874 3836 loquimur,
890 3749 1018 3835 reperiri
1033 3750 1214 3832 exemplum.

113 3847 190 3913 Nam
213 3844 274 3925 υδξ
295 3844 499 3938 πριφύλακος
522 3850 622 3916 Schol.
647 3851 683 3917 ll.
705 3852 749 3916 X.
772 3852 848 3920 252.
877 3853 996 3916 aliunde
1022 3849 1217 3936 compositum

52 4010 54 4016 .
116 3963 181 4032 est3
210 3952 284 4017 illud
305 3951 430 4017 Lucian.
453 3951 572 4018 Amorr.
597 3955 625 4038 §-
643 3953 707 4032 14,
729 3953 804 4022 271.
828 3953 864 4018 Τ.
884 3954 921 4020 V.
945 3951 1135 4044 ciootpslope
1157 3949 1218 4038 τῆς

114 4045 227 4142 θύρας
240 4052 308 4128 ὑπὸ
321 4053 384 4125 soti
398 4047 656 4144 κλειδοφύλακος
671 4057 761 4129 εἴκοι
774 4057 1050 4152 πεπιστευιιὲκου
1061 4052 1215 4148 γυναίου,
