2506 4492
261 167 319 233 uu
347 165 512 233 ιιοιιιιι.
540 164 713 234 nonos.
744 165 781 232 c.
802 166 827 232 ι.
857 168 887 253 §-
910 168 943 235 ο.
1013 134 1020 143 ’
1095 171 1161 240 toa

51 349 128 416 lirat
158 348 316 431 repudiato
346 345 559 432 metaplasmo,
590 347 674 431 ouJ'us
705 346 902 430 patrocinium
932 347 1067 431 equidem
1098 370 1160 415 nou

51 450 233 534 suscipiam,
262 450 315 514 sed
345 449 397 513 illa
427 449 616 533 probabilitas
639 449 712 513 milri
737 471 839 534 parum
863 451 1021 573 explorata
1041 452 1161 517 videtur

51 573 224 636 nomenque
255 563 409 614 tonsuram
437 552 608 635 significans
639 553 739 616 dubito
768 574 807 616 an
829 547 918 635 nonai
947 553 1044 638 potius
1075 575 1162 637 quam

51 647 140 741 πόιιη
164 654 354 718 scribendum
377 651 495 716 sit-
452 653 657 737 -Sequitur
678 654 849 718 terminatio
871 660 923 731 αξ,
952 657 1036 739 ouJ'us
1058 658 1162 722 deoem

51 757 194 842 exempla
216 755 331 838 profert
352 753 559 839 Theognostus
576 754 676 819 Crem.
696 755 734 819 ll.
756 756 828 822 132.
853 754 925 835 νύξ,
948 750 1037 839 onds,
1061 753 1163 874 Φρύξ,

51 854 165 944 Βρύξ,
190 854 289 942 οφύξ,
314 851 433 943 οτρύξ,
450 852 547 943 τρύξ,
569 851 665 934 πτύξ,
689 854 778 945 loys,
798 855 868 935 λύξ.
911 860 1039 924 Dimidio
1062 861 1162 925 miuus
1219 890 1220 893 ¹

51 965 104 1027 sed
128 960 253 1024 delinito
276 980 388 1043 genere
410 971 440 1023 et
466 980 591 1023 numero
622 960 773 1026 Helladius
795 960 893 1028 Photii
916 963 951 1025 G.
975 960 1051 1037 279,
1084 959 1159 1025 874.
1245 994 1250 1001 ’

51 1063 159 1133 πέντε
187 1062 252 1128 οἷοὶ
287 1058 532 1149 μονοσύλλαβα
567 1066 614 1137 εἰς
636 1051 692 1139 οἷ
708 1061 855 1151 λήγοντα
884 1056 1040 1150 θχλυιιοῖ,
1070 1054 1162 1150 τρύξ,

51 1159 149 1242 οτύξ,
166 1160 237 1244 νύξ,
251 1158 337 1239 πτύξ
352 1164 409 1230 καὶ
424 1159 523 1243 πνύξ,
539 1186 663 1249 quorum
677 1167 813 1230 ultimum
829 1190 885 1255 per
897 1193 916 1232 ιι
930 1167 1088 1242 declinari,
1104 1168 1162 1230 duo

51 1271 152 1354 prima
175 1288 228 1351 per
250 1291 282 1387 χ,
305 1266 421 1350 reliqua
446 1289 500 1352 per
520 1292 556 1358 χ,
579 1289 646 1331 nam
662 1269 788 1352 genitivi
810 1267 911 1359 ναχός
933 1271 1058 1333 formam
1073 1290 1161 1353 appa·

51 1392 125 1436 rere
154 1369 188 1440 in
220 1362 412 1458 πάννυχος,
449 1371 501 1433 sed
538 1392 591 1453 pro
623 1395 642 1460 χ
670 1372 823 1434 inductum
852 1392 919 1437 esse
944 1370 1163 1435 antistoechum

51 1473 150 1557 kappa
183 1482 214 1534 et
238 1471 306 1535 huie
334 1472 455 1555 adjungi
484 1471 602 1536 literam
626 1474 788 1552 formandis
815 1474 958 1558 genitivis
985 1462 1163 1537 destinatam

51 1566 193 1646 νυκτός,
224 1585 257 1636 ut
284 1568 431 1647 ύναιιτος
453 1585 483 1638 et
502 1571 685 1661 χύλακτος,
714 1598 771 1659 qua
793 1578 829 1640 de
850 1597 885 1639 re
907 1597 982 1658 quae
1005 1576 1037 1638 in
1057 1577 1160 1663 Etym.

51 1679 133 1742 Gud.
160 1674 236 1752 558,
259 1675 319 1741 32.
350 1682 527 1740 traduntur:
562 1672 605 1743 τοὶ
632 1681 679 1750 εἰς
699 1665 755 1754 ff
775 1675 829 1746 tad
857 1675 920 1742 τού
949 1701 970 1764 χ
995 1676 1163 1746 κλίνεται-

51 1778 146 1865 πλῆν
167 1778 231 1845 τού
251 1771 328 1859 νύξ,
349 1778 539 1842 librariorum
560 1779 677 1844 incuria
699 1791 836 1845 truncata
857 1791 947 1855 sunt3
986 1781 1086 1845 nativa
1109 1803 1163 1845 no·

52 1883 266 1947 minis-forma
288 1880 386 1945 elucet
407 1903 469 1945 uon
490 1882 587 1946 solum
609 1905 626 1947 e
649 1885 820 1966 compositis
843 1895 874 1948 et
894 1882 1037 1948 derivatis
1060 1878 1165 1949 αύτο-

56 1983 148 2073 ναχί,
170 1979 352 2073 νοχανχὴς,
374 1982 488 2074 νύχιος
510 1995 568 2048 eto.
596 1986 648 2049 sed
671 1986 760 2049 otiam
784 2008 825 2050 ex
841 1974 1005 2051 adr'orhiali
1026 1980 1113 2075 νύχα
1134 1985 1166 2050 id

56 2100 105 2153 est
124 2084 277 2172 νύκτωρ,
305 2083 419 2164 ναιτί,
450 2089 525 2171 apud
553 2088 754 2175 Hesyohium‚
785 2101 816 2153 et
845 2090 1022 2174 paragogioo
1049 2079 1165 2178 νύχος,

57 2192 135 2276 quod
160 2183 596 2274 1οιιίοοριορ1ιίςιαοοίνύξ,
623 2183 741 2266 οιιύτος
768 2192 1016 2276 interpretantur.
1062 2190 1165 2255 Nomi·

58 2294 155 2359 nativi
177 2282 256 2377 τρύξ
277 2303 309 2356 οι
329 2289 408 2368 οτύξ
437 2292 579 2376 leguntur
607 2313 667 2356 non
687 2316 772 2370 raro,
801 2295 950 2378 posterius
973 2295 1089 2379 quidem
1111 2315 1166 2377 pro

58 2397 182 2461 nomine
204 2395 342 2479 proprio;
429 2394 550 2459 ellativo
571 2393 632 2481 τῆς
654 2390 786 2483 οτύχός,
809 2401 846 2463 αἱ
870 2388 998 2483 οτύχες,
1028 2396 1166 2482 Aeschy-

58 2501 106 2564 lus
128 2498 367 2581 et.Theophrast
387 2510 404 2563 Ι
425 2498 473 2561 usi
495 2509 576 2561 sunt.
622 2490 737 2576 Πτύξ,
764 2490 875 2585 πταχή
898 2499 934 2561 ab
954 2498 1104 2581 Hesyohio
1134 2508 1167 2561 et

59 2603 126 2666 aliis
136 2600 403 2665 Grammatioorum
416 2602 567 2678 referturJ
592 2597 692 2662 Sohol.
703 2599 837 2662 Phoenn.
848 2597 900 2664 84.
915 2623 995 2665 πτο
1004 2622 1091 2689 χας,
1104 2596 1166 2665 tota

59 2709 125 2793 μὲν
139 2700 210 2772 α’πὸ
223 2701 286 2768 τού
298 2697 400 2782 πτύξ,
416 2697 563 2791 πτύχας,
577 2697 638 2768 ἐύν
660 2700 695 2767 δὲ
718 2697 787 2769 α’πύ
805 2703 868 2768 τού
882 2693 1004 2790 πτύχή,
1022 2693 1165 2792 πτνχύς,

58 2810 138 2874 uude
154 2817 225 2872 suut
237 2803 364 2893 neapol
374 2804 468 2870 lusor.
487 2806 613 2892 Coroyr.
626 2804 666 2871 N.
683 2803 777 2871 1997.
794 2805 884 2888 Corp.
902 2805 998 2869 lusor.
1012 2800 1165 2871 οἷναπτο·

59 2910 116 3002 χαί
138 2920 170 2974 et
190 2905 384 2996 διαπτυχαί,
407 2930 463 2972 neo
483 2908 592 2973 mirum
613 2907 701 2995 hujus
718 2908 855 2973 vocabuli
872 2908 1008 2991 exempla
1026 2907 1165 2990 pleraque

60 3035 127 3079 esse
150 3010 273 3096 pluralis
296 3010 415 3073 numeri
436 3032 467 3075 v.
490 3011 630 3075 Matthiae
651 3012 688 3074 ad
710 3010 818 3074 Baooh.
842 3007 895 3076 62.
921 3010 1047 3073 οιιίἰιοο
1068 3008 1167 3072 solum

59 3106 232 3190 assentior,
260 3104 347 3189 πτύξ
378 3114 453 3198 apud
481 3114 574 3177 bonos
597 3113 776 3178 Graecitatis
796 3124 935 3177 auctores
958 3134 1018 3176 ιιοιι
1040 3110 1169 3196 reperiri

60 3230 235 3301 temereque
255 3216 430 3302 Elmslejum
456 3237 510 3301 pro
531 3208 661 3305 πτύχας
688 3218 764 3300 apud
786 3216 929 3299 Tragicos
953 3215 1061 3298 ubique
1084 3238 1169 3282 πτο-

61 3317 120 3411 χύς
150 3319 320 3384 invexisse.
370 3319 475 3415 Neque
504 3316 587 3406 βρύξ
615 3319 787 3384 testimonio
818 3319 878 3383 ullo
900 3319 1020 3395 nititur,
1051 3319 1170 3403 dequo

61 3422 163 3488 Sohol.
189 3421 244 3485 od.
265 3424 311 3489 Ε.
342 3419 418 3488 319.
445 3418 484 3488 τύ
511 3418 690 3511 ύπόβρνχα
717 3424 784 3488 εἴτε
815 3418 989 3509 ἐπίρρημα
1010 3423 1078 3487 εἴτε
1098 3417 1169 3488 α’πύ

60 3525 121 3593 τού
143 3516 240 3613 βρύξ,
265 3519 575 3611 προπαροξύνεται,
597 3525 674 3609 quod
697 3535 841 3607 sequutus
864 3525 1011 3608 Oppianus
1033 3527 1067 3597 ἐς
1087 3517 1171 3591 νού-

62 3654 124 3716 τιχν
153 3621 264 3717 βρύχα
293 3629 387 3704 dixit,
422 3630 476 3692 sed
504 3627 604 3692 Sohol
637 3626 680 3691 ll.
697 3627 722 3690 l.
745 3624 820 3690 461.
851 3623 1045 3715 δι”πτνχα
1019 3649 1062 3699 ας
1082 3619 1171 3693 ύπό-

60 3737 182 3824 βρνχα.
233 3731 313 3796 ldem
343 3753 410 3796 esse
441 3731 580 3805 videtur,
610 3729 687 3812 quod
716 3729 792 3812 apud
816 3728 997 3813 Hesyohium
1027 3729 1167 3811 legimus,

61 3834 130 3916 Βύξ
114 3825 280 3925 ξβύθος.
325 3835 408 3900 Haud
431 3834 569 3899 testatius
591 3843 639 3896 est
659 3832 791 3915 ejusdem
813 3821 886 3907 Λύξ
907 3829 1042 3920 λύτρον,
1067 3840 1098 3893 et
1118 3848 1172 3891 ao-

62 3945 216 4007 ousativus
243 3933 308 4025 την
335 3938 429 4027 πύχα
456 3937 584 4003 Aristot.
614 3934 778 4021 Physiogn.
802 3932 854 4000 Vl.
885 3931 959 3998 810.
991 3932 1023 3996 1.
1051 3931 1082 3993 in
1111 3948 1170 4012 quo

63 4045 180 4110 eodioes
212 4063 321 4156 omnes
344 4042 538 4109 consentiunt
562 4052 596 4106 et
622 4037 762 4123 congruit
788 4035 984 4123 oompositum
1003 4025 1170 4108 λιοπόπιιξ
