2506 4492
67 186 156 255 191-
437 182 759 254 nlssuunanlo
785 183 843 253 11„

79 360 210 447 οποίλοξ
230 367 297 433 side
316 358 487 449 οίονιοίλοιξ,
510 368 602 433 attice
624 378 724 432 autem
747 360 881 452 σκοίλοψ
902 385 935 430 v.
958 365 1131 430 Comment.
1155 366 1189 430 ad

61 471 232 555 -Aristopin
252 469 327 534 sch.
348 468 423 535 879.
447 491 465 534 a
487 472 581 535 verbo
604 467 752 550 οκοίλλω,
774 480 808 533 ut
830 467 980 546 creditur3
1011 469 1079 532 avis
1102 489 1190 553 qnae·

79 574 145 638 dam
161 565 326 659 οἱσκοίλωψ
343 584 375 638 et
390 569 557 652 οκολόπαξ
572 596 606 638 κ.
619 573 794 637 Schneider.
811 571 848 635 ad
861 571 967 656 Eclog.
979 570 1074 658 Phys.
1091 593 1122 656 p.
1134 569 1187 634 41.

78 676 115 739 ad
139 675 264 740 aristot.
289 676 325 740 Τ.
350 676 402 740 lv.
429 670 1188 764 1316616ιιιιοοωιιριίχομαι,ιίπτομαι,

78 778 177 855 libeo,
206 777 313 866 γλίξαι
334 778 364 843 id
386 789 435 844 est
455 779 672 863 ἕπιθνμῆοαι
694 775 826 863 Hesych.
855 777 934 842 unde
954 774 1070 866 λίχνος
1091 787 1189 841 ortum

78 882 218 960 videtnr3
256 884 293 946 od
320 883 394 946 haec
422 883 464 970 ἴψ
494 892 526 945 et
553 883 582 957 ίξ
607 902 640 944 v.
664 879 776 943 Niclas.
804 880 841 943 ad
867 878 978 963 Geoppss
1003 877 1042 943 V.
1069 874 1131 955 5³,
1155 877 1187 943 6.

77 982 204 1047 Barkes.
235 987 271 1048 ad
298 985 401 1071 Etym
432 1007 462 1069 p.
493 981 586 1048 1093.
620 983 664 1064 (in
691 983 811 1064 adnot.)
839 977 887 1068 dp
912 1005 996 1059 vox,
1027 978 1095 1070 νίψ
1122 983 1187 1060 nix,

40 1124 46 1137 ·
79 1089 126 1175 ροι
102 1078 145 1164 ξ
166 1107 255 1171 rupes
277 1086 468 1174 (interposita
488 1086 587 1151 vocali
608 1097 643 1149 ut
642 1106 767 1188 sepes,
791 1087 930 1161 scrobes,
954 1085 1062 1160 nubes,
1089 1086 1187 1162 navis,

78 1190 179 1274 copis,
204 1189 288 1274 jugis
309 1210 422 1273 prov
385 1193 422 1270 ζυ
414 1181 453 1272 Q)
475 1187 581 1274 οκνίψ
604 1189 698 1272 cinips
720 1187 900 1273 (ciniphes),
930 1182 1060 1272 κώνωψ
1084 1189 1187 1266 culex,

77 1283 203 1377 σμοίδιξ
224 1302 255 1355 et
275 1288 408 1379 μώλωψ
430 1313 448 1356 a
468 1286 580 1379 σμιίω,
603 1291 682 1355 unde
705 1286 824 1376 ομώνη
847 1291 944 1375 plag,a
970 1288 1081 1378 φλίβω
1105 1291 1186 1376 fligo,

76 1392 177 1481 λείβω
201 1394 298 1478 liquo,
322 1389 405 1470 ὀπός
426 1415 535 1469 sucus,
560 1394 664 1477 quibus
687 1405 812 1478 cognata
835 1394 979 1457 videntur
1000 1415 1108 1476 sapor,
1137 1415 1189 1458 ne-

77 1517 183 1581 sapns,
210 1496 372 1582 insipidus,
400 1497 574 1572 insubidus3
606 1489 698 1582 ἧπαρ
717 1498 824 1582 jecur,
853 1502 959 1569 ἵππος
981 1503 1091 1578 ἴκκος,
1119 1518 1191 1561 οοιι-

77 1598 140 1663 nivi
166 1599 309 1676 connixi,
339 1610 371 1663 et
392 1600 520 1664 fortasse
545 1620 563 1663 a
584 1594 742 1666 καλύπτοι
768 1592 870 1677 acido}
881 1603 934 1680 ⁴),
964 1592 1082 1685 cepe,
1113 1599 1190 1685 quod

77 1701 165 1775 hodie
186 1723 248 1765 non
270 1702 399 1788 legitur,
422 1704 506 1766 tabes
520 1703 560 1784 ⁵).
596 1701 699 1785 ltaque
720 1701 780 1766 tria
800 1702 1010 1785 distinguimus
1033 1702 1188 1766 nominum

77 1826 210 1890 genera3
234 1826 326 1870 unum
349 1805 424 1889 quod
447 1804 533 1888 stirpi
555 1804 716 1866 verborum
734 1802 955 1887 primitivorum
975 1804 1084 1888 sigma,
1109 1825 1188 1869 com·

44 1900 47 1909 ’
75 1929 166 1973 mnne
183 1907 371 1972 formationis
388 1907 632 1980 instrumentum,
650 1905 802 1990 adjungit:
828 1903 927 1984 κλείς,
944 1904 1028 1986 δαῖς,
1044 1907 1133 1980 ναῦς
1144 1907 1187 1989 ⁶),

75 2010 179 2098 φλέψ.
207 2011 357 2084 Alterum,
380 2007 457 2093 qnod
480 2009 604 2071 eandem
627 2007 746 2071 literam
767 2008 820 2071 sed
842 2008 957 2072 inserta
979 2009 1070 2072 simul
1088 2009 1187 2074 vocali

74 2114 173 2188 addit,
202 2111 253 2177 vel
277 2131 380 2193 puram
406 2104 567 2188 stols,
543 2100 720 2199 αχνιίς,ν
699 2109 751 2175 vel
774 2110 936 2230 implexam
960 2122 1082 2190 mutae,
1114 2132 1192 2197 quae

74 2215 109 2279 in
129 2214 216 2278 verbi
236 2212 369 2277 motione
391 2211 567 2290 asciscitur,
592 2207 722 2299 σύριγξ,
745 2204 917 2302 οἶμοίρνγξ,
939 2215 998 2278 nisi
1020 2215 1066 2279 sic
1088 2216 1190 2281 dicere

74 2327 207 2404 praestat
228 2315 361 2404 syllabas
383 2321 412 2394 ιξ
433 2325 465 2383 et
485 2321 524 2395 οξ
545 2316 611 2383 sive
633 2321 693 2406 oye
713 2317 994 2402 prosschematisrnn
1022 2318 1124 2403 potius
1145 2319 1190 2384 ad·

143 2579 170 2648 1)
188 2579 311 2650 Hesychii
328 2574 449 2650 Κοίλογιο
465 2574 502 2635 τοί
520 2577 623 2652 ἔμβρυα
641 2580 708 2634 idem
726 2595 783 2633 esse
800 2581 915 2642 videtur,
935 2580 1002 2648 quod
1018 2567 1140 2643 κοίίοκοκ,
1159 2586 1190 2633 nt

73 2661 247 2739 dpcouespro
265 2662 375 2736 ὄρτυγες
390 2665 488 2718 Anecd.
507 2683 533 2733 p.
555 2667 631 2718 1400.

142 2768 169 2834 t)
192 2766 289 2818 Fordex
312 2782 412 2833 quoque
437 2768 492 2817 sola
516 2769 600 2832 specie
624 2767 728 2819 differre
750 2775 812 2835 puto
836 2784 851 2819 a
871 2768 970 2836 forceps
993 2785 1020 2821 v.
1039 2770 1185 2837 Boettiger.

48 2881 53 2886 ·
74 2854 163 2907 Sabin.
182 2850 214 2905 Τ.
231 2851 250 2904 Ι.
267 2852 327 2904 313.
347 2867 397 2918 quo
416 2867 494 2918 quum
512 2853 613 2917 proprie
631 2853 791 2917 significetur
808 2853 940 2905 fabrorum
959 2855 1131 2908 ferrariorum
1149 2857 1186 2908 in·

71 2947 255 3001 strumentum,
275 2938 342 3004 qnod
360 2951 452 3001 manee
470 2939 654 3007 deppqiuorplc
670 2939 696 2988 id
714 2945 755 2989 est
773 2937 913 3007 formieapa
931 2942 1027 2993 dicitur
1044 2958 1071 2994 v.
1092 2945 1126 2994 ad
1140 2942 1184 3009 Aj.

71 3044 99 3097 p·
118 3028 179 3081 358.
204 3033 294 3094 postea
312 3038 402 3075 nomen
422 3023 454 3073 ad
472 3023 525 3074 alia
541 3022 680 3101 decussata
698 3025 851 3078 translatum
871 3035 912 3079 est
929 3028 960 3078 ob
979 3027 1077 3081 formae
1095 3030 1187 3082 simili·

70 3115 204 3174 tudinem
235 3112 267 3163 ab
289 3111 377 3161 eaden
400 3108 480 3160 dorma
502 3108 665 3161 denominata
686 3118 747 3162 sunt
766 3109 908 3180 κοίρκινοκ,
933 3131 1039 3176 cancer,
1066 3117 1186 3178 cancelli,

71 3196 216 3271 κιγκλίδες.
234 3197 380 3268 Hesychius
395 3190 540 3264 Κοίγχαλοκ
556 3190 678 3262 κρίκοκ”
661 3216 676 3248 ο
695 3193 741 3248 ἰπὶ
760 3200 820 3250 ταῖς
837 3195 875 3251 θί
862 3215 1002 3266 upote,
965 3203 1002 3252 Σ
1004 3197 1090 3255 asdod·
1111 3218 1187 3269 quem

72 3284 185 3352 vulgo
170 3275 293 3353 ρίπτρον
310 3284 441 3351 appellant
464 3297 491 3332 v.
511 3280 636 3351 Harpocr
668 3282 692 3334 Α
709 3285 796 3352 κρίκος
813 3284 959 3369 derivatum
977 3289 1091 3359 supervos
1111 3289 1187 3340 circi-

71 3388 143 3473 nus,
163 3371 208 3440 qui
226 3379 253 3422 et
270 3360 399 3460 κοίρκινοο
416 3369 524 3419 dicitnr.

137 3448 296 3542 didacidi,
314 3476 382 3538 νέω,
399 3468 531 3539 κείσομαι
549 3469 716 3522 Grammatici
734 3487 761 3522 v
777 3470 874 3524 Aneed.
891 3473 976 3527 (iram.
993 3475 1013 3526 1.
1031 3477 1092 3531 tto.
1115 3486 1187 3530 recte

71 3562 191 3623 derivare
208 3561 331 3612 videntur
354 3565 381 3610 et
398 3554 478 3627 νῆσοο
500 3564 528 3609 et
544 3553 609 3611 vais
632 3558 688 3609 sive
706 3553 778 3622 νκίο,
802 3556 850 3613 vde
873 3556 920 3629 τῆς
941 3558 1021 3616 vande
1039 3562 1130 3631 Etym.
1148 3564 1185 3616 tt.

71 3651 148 3718 eujus
165 3661 335 3718 synonymum
353 3634 504 3711 ostitiarii
528 3658 554 3695 v.
576 3642 666 3694 Cernis
685 3645 716 3694 ad
734 3644 836 3695 Aelian.
855 3662 881 3713 p.
901 3648 961 3699 314.
981 3648 1007 3698 id
1026 3657 1066 3698 est
1084 3669 1101 3716 η
1093 3644 1186 3704 ‘arid-

71 3757 152 3802 οοοα,
174 3729 352 3802 ἦνηχομίνη.
386 3729 425 3782 ΑΙ)
444 3731 531 3781 eodem
549 3728 629 3780 verbo
647 3732 759 3794 νέπουο,
777 3726 893 3784 veducus
910 3743 937 3785 et
954 3737 1100 3789 ναυσίπονκ
1118 3737 1138 3787 i.
1159 3753 1183 3804 q.

70 3821 199 3889 ρηξίποος
216 3819 365 3885 composita,
385 3832 493 3883 quorum
509 3830 571 3883 pars
590 3816 717 3880 posterior
735 3831 783 3866 non
802 3817 890 3881 pedem
909 3818 954 3868 sed
971 3824 1087 3888 πορείαν
1104 3824 1184 3888 signi-

69 3908 132 3961 fieat
147 3923 175 3960 v.
193 3907 306 3959 Dissert.
324 3901 357 3956 V.
377 3901 401 3970 ᾗ.
423 3902 465 3958 12.
484 3908 540 3953 not.
561 3900 605 3952 98.
640 3898 728 3968 Neque
747 3901 853 3953 aliunde'
870 3897 953 3971 νῆοοοι
971 3905 1076 3956 ducitur
1095 3907 1182 3961 Schol.

69 3994 153 4048 Arist.
169 3994 237 4046 Aur.
258 3990 318 4045 566.
339 4005 401 4042 anas
419 4003 435 4040 t
453 3987 537 4039 nendo
554 3984 632 4039 Varr.
652 3988 683 4039 de
701 3987 733 4039 L.
748 3987 779 4039 L.
799 3985 833 4039 V.
854 3987 894 4040 1³.
915 3996 943 4040 et
960 3989 1071 4045 fortasse
1089 3991 1185 4064 ψῆοοκ

69 4080 148 4135 cinis
165 4079 258 4148 planus
275 4091 292 4129 ι
307 4071 389 4148 poio,
411 4075 473 4144 quia
490 4073 599 4143 speeiem
616 4073 686 4134 rosi,
709 4067 886 4148 ἀπεψημένου
891 4107 902 4144 ,
925 4075 1014 4129 hebet.
