2506 4492
149 173 152 178 ’
258 177 319 265 DE
346 177 511 247 Nonttt.
540 178 713 248 MONOS.
746 179 855 247 (1.111.
887 182 916 266 §.
940 180 973 247 8.
1112 180 1188 251 185
1230 198 1233 204 ·

83 490 85 495 “
154 477 339 563 Pervnlgata
373 490 422 544 est
450 479 720 546 Grammaticorum
754 482 790 545 de
824 481 1018 546 nominativis
1056 480 1180 547 aeolicis

67 581 242 666 praeceptio
270 576 433 673 Ἀρχύτα,
460 583 614 661 Θνέατα,
648 579 817 673 αἱχμητό,
853 580 1031 670 η’πόταβῐ)
1065 579 1179 674 η’χέτα,

65 681 202 759 ἱππότα
228 694 288 747 eto.
312 705 396 775 quos·
446 688 502 751 odo
523 688 733 753 macedonicae
763 699 795 753 et
816 687 993 752 thessalicae
1015 687 1177 770 (Priscian.

64 786 152 851 xvt.
180 807 208 851 ο.
234 785 308 871 27.)
328 806 400 851 mo·
436 788 590 857 boeoticae
619 790 746 855 dialecto
771 790 957 867 adscribunt,
990 790 1077 853 modo
1099 810 1181 853 com·

63 889 154 955 muni
179 888 284 982 harum
306 891 440 956 omnium
462 897 580 978 parenti
601 893 736 969 Aeolidi,
768 894 929 979 eademque
952 904 984 959 et
1007 902 1181 975 monoptota

65 1003 187 1056 vocant
215 1000 247 1055 et
274 993 365 1058 aolita
390 995 492 1081 Etym.
523 997 599 1062 Gud.
634 1020 663 1082 p.
688 991 763 1073 393',
786 995 840 1062 24.
872 1016 997 1081 quorum
1025 993 1180 1059 nominum

63 1094 168 1180 prius,
191 1094 218 1159 si
242 1096 360 1179 quidem
381 1096 528 1164 Prisciani
554 1100 720 1165 finitionem
739 1098 939 1186 sequimor³²)
961 1097 1104 1163 convenit
1117 1117 1179 1159 om-

62 1197 173 1274 nibus,
194 1198 322 1262 alterum
344 1199 455 1264 minus.
500 1201 577 1267 Nam
602 1203 736 1287 genitivo
758 1211 844 1266 usus'
861 1212 908 1267 est
927 1201 1040 1266 Aratus
1064 1200 1177 1264 Phaon.

64 1299 146 1365 664.
179 1296 308 1368 ἱππότα
328 1300 446 1390 φηρός,
467 1305 519 1370 ulti
541 1306 625 1370 nullo
652 1307 740 1370 modo
779 1306 898 1389 probari
926 1314 1078 1390 possunt.
1104 1325 1181 1389 quae

61 1403 197 1467 Vossius
219 1415 252 1468 et
271 1404 470 1472 Buttmannns
492 1409 668 1485 ediderunt,
697 1407 746 1472 hic
769 1403 1017 1496 ἱπποτόφηρος,
1044 1406 1097 1471 ille
1120 1412 1181 1474 ἱπ-

62 1498 282 1593 ποτοὶφηρος,
306 1508 366 1572 nisi
396 1510 475 1573 forte
504 1512 628 1576 credere
657 1511 779 1575 collibet
800 1522 917 1594 poetam
940 1509 1059 1573 ludibrii
1089 1530 1180 1574 eausa

64 1610 249 1674 vocabulum
274 1632 348 1675 vere
370 1624 565 1678 centaureum
588 1624 620 1677 et
640 1614 846 1699 τερατοφοές
867 1613 1067 1676 machinatum
1090 1632 1178 1689 οπο,

63 1732 137 1776 nam
161 1713 259 1777 neiis
283 1714 420 1797 quidem,
444 1717 494 1800 qui
515 1716 699 1780 homericum
721 1712 842 1793 τοξότα
863 1709 1020 1802 ἱαβητήρ
1042 1715 1179 1779 arbitrati

65 1826 141 1879 snut
162 1809 221 1902 ὑφ’
242 1814 436 1902 ἒννοητόον
459 1818 564 1894 εἶναι,
587 1819 620 1881 in
641 1828 772 1882 mentem
797 1819 883 1882 venit
903 1810 1179 1904 τοξοτολαβητὴρ

66 1917 237 1982 scribere.
262 1919 378 1984 Deinde
403 1921 531 2006 genitivi
557 1921 640 1986 illins
662 1931 757 1986 testes
780 1922 921 1986 habemus
943 1917 1178 1996 Eudaemonem,

67 2020 121 2105 qui
141 2019 209 2107 ipsa
229 2024 322 2087 verba
343 2024 429 2087 Arati
450 2022 540 2087 adfert
559 2025 647 2090 Eust.
678 2044 707 2110 p.
734 2022 836 2100 1457,
860 2023 915 2091 24.
948 2034 980 2087 et
1001 2020 1182 2086 Choerobo-

66 2143 155 2186 soum
175 2125 292 2189 Anecd.
318 2148 348 2211 p.
359 2125 454 2192 1242.
482 2130 554 2194 ἔστι
567 2127 630 2196 τόν
642 2118 793 2215 ἱππότην
807 2126 864 2194 sot
878 2122 1009 2216 γίνεται
1020 2121 1106 2193 κατα
1118 2150 1187 2211 μα·

66 2226 276 2314 ταπλασμόν
296 2226 357 2295 τόν
374 2225 503 2297 ἱππότα
523 2230 581 2298 ναὶ
598 2228 641 2297 oti
654 2223 960 2319 προπαροξύνεται,
982 2224 1097 2315 ἐπειδη
1113 2222 1181 2318 ἔχει
1246 2301 1250 2315 Ι

66 2330 336 2419 προηγουμένην
352 2329 491 2419 γενικήν
512 2335 570 2401 acl
594 2331 733 2420 όοτικην
753 2332 1103 2420 μεταποπὶασαὶνην,
1129 2334 1180 2396 ad·

68 2433 172 2517 dittpue
194 2455 243 2511 ea,
266 2434 371 2519 quibus
390 2436 584 2521 metaplastns
601 2456 689 2500 casus
703 2435 873 2509 antecedat,
895 2446 1179 2518 paroxytonaesse,

68 2547 317 2624 proparoxytona
345 2550 446 2603 antem
476 2534 554 2622 quae
581 2539 670 2602 aliter
697 2558 732 2602 se
760 2536 889 2600 habeant
908 2546 944 2598 ut
963 2529 1181 2622 ότθόραμβα,

66 2635 244 2729 ἆλὶτροχα,
261 2641 499 2730 παρνοαέρατα
516 2639 603 2726 (sic),
626 2662 718 2726 quare
731 2641 819 2704 etiam
830 2635 975 2731 μητίετα
993 2657 1180 2725 proparoxy·

66 2751 159 2805 tonos
180 2743 370 2810 scribendum
393 2766 473 2822 esse,
492 2738 571 2811 odat
584 2741 648 2833 ηοὶρ
668 2747 734 2834 ἔχει
748 2740 888 2833 ηενιτήν
901 2739 925 2830 ἢ
938 2737 1079 2827 δοτικήν
1097 2764 1180 2829 προ-

63 2844 387 2930 ροεταπλασθεῑσαν,
415 2852 446 2914 sd
463 2847 521 2915 ααὶ
539 2845 692 2921 σπανίας
707 2871 759 2921 τις
789 2845 885 2914 θέλει
899 2849 1009 2913 εἰπεῖν
1026 2845 1082 2912 dccl
1095 2837 1178 2910 τοό-

64 2969 139 3014 των
160 2947 299 3036 γενικήν
321 2946 345 3036 η’
370 2946 507 3036 docentia
530 2951 850 3036 μεταπλασθεῑοαν·
880 2941 1050 3033 quaesere
1077 2947 1181 3010 eadem

66 3049 214 3136 leguntur
233 3051 273 3124 pin
300 3053 403 3140 Etym.
433 3053 476 3118 M.
501 3050 584 3133 585,
614 3051 646 3117 3.
684 3053 766 3138 Ergo
798 3073 861 3116 non
886 3052 983 3116 solum
1012 3049 1180 3135 genitivum

139 3359 187 3427 31)
202 3360 349 3430 Hesychius
365 3349 500 3427 Νηπότια
514 3350 601 3430 dumeti
617 3351 703 3431 κῆρυξ
712 3355 886 3430 μινρόφιονοτ
902 3375 953 3412 ser.
964 3361 1004 3428 Νη
1016 3355 1183 3430 ,τότακόροξ

66 3441 160 3516 βοητό
171 3446 338 3519 μικρόφωνε,
351 3448 464 3500 fortusse
482 3462 499 3499 a
514 3445 614 3501 Paroto
632 3449 740 3516 quodam
759 3448 865 3499 dictum.

138 3549 184 3616 32)
202 3549 235 3603 V.
245 3551 288 3612 tt,
307 3551 369 3609 210.
388 3566 456 3619 ρααο
463 3566 523 3620 pro
535 3555 609 3615 omui
619 3567 684 3604 occu
695 3550 903 3616 amandamque
917 3552 1180 3617 terminationem-

65 3642 191 3706 gundum
211 3639 288 3704 quale
306 3645 347 3691 est
365 3627 472 3706 όΣήμ,
488 3633 537 3692 τοῦ
551 3633 632 3707 Σήμ,
650 3634 688 3706 τῷ
702 3634 781 3706 Σήμ,
806 3637 873 3704 quod
890 3635 978 3705 Etym.
998 3635 1032 3689 Μ.
1053 3639 1113 3699 462,
1132 3638 1176 3690 tt.

66 3724 258 3786 uclitonvooat,
269 3721 448 3794 μονόπτατον
461 3719 490 3778 dd·
501 3718 534 3775 τό
545 3718 591 3776 ἐπ’
604 3718 712 3777 addilae
723 3718 818 3790 μόνης,
833 3719 866 3776 τό
880 3718 986 3793 (ipsios,
995 3719 1026 3774 τό
1034 3717 1093 3782 οὖν,
1113 3737 1179 3788 quae

66 3811 220 3863 Priscianus
238 3818 326 3878 aptota
340 3812 459 3863 dicturus
477 3810 587 3872 fnisset3
605 3794 690 3879 μέγας
703 3802 818 3879 μεγάλου
829 3810 1008 3878 heteroptoton
1020 3807 1178 3872 voeatrlpol·

66 3897 155 3950 lunius
173 3898 205 3949 do
222 3896 300 3948 Pron.
318 3915 344 3966 p.
364 3900 407 3952 ll.
426 3893 492 3969 γονὴ
503 3891 626 3968 γυναικός
636 3896 810 3964 heterozygon
823 3895 1065 3949 HerodianosEnst.
1080 3909 1104 3961 p.
1118 3894 1176 3954 113,

66 3985 112 4038 36.
143 3983 197 4038 Νοο
220 3985 306 4038 minus
323 3985 445 4054 ambigua
461 3991 502 4037 est
518 3983 670 4037 ἱοὶονοοὶἱὶο·
691 3982 829 4050 appellatio
846 3999 872 4036 v.
892 3981 1041 4035 Schneider.
1063 3977 1176 4033 Grau.

67 4069 102 4124 11.
122 4072 148 4135 1,
168 4069 229 4125 110.
348 4069 350 4074 ’
378 4130 381 4138 ,
951 4095 954 4101 ’
