<?xml version="1.0" encoding="UTF-8"?>
<!DOCTYPE html PUBLIC "-//W3C//DTD XHTML 1.0 Transitional//EN"
    "http://www.w3.org/TR/xhtml1/DTD/xhtml1-transitional.dtd">
<html xmlns="http://www.w3.org/1999/xhtml" xml:lang="en" lang="en">
 <head>
  <title>
</title>
<meta http-equiv="Content-Type" content="text/html;charset=utf-8" />
  <meta name='ocr-system' content='tesseract 3.04.00' />
  <meta name='ocr-capabilities' content='ocr_page ocr_carea ocr_par ocr_line ocrx_word'/>
</head>
<body>
  <div class='ocr_page' id='page_1' title='image "./paralipomenagra00lobegoog_0223.png"; bbox 0 0 2506 4492; ppageno 0'>
   <div class='ocr_carea' id='block_1_1' title="bbox 99 174 864 256">
    <p class='ocr_par' dir='ltr' id='par_1_1' title="bbox 99 174 864 256">
     <span class='ocr_line' id='line_1_1' title="bbox 99 174 864 256; baseline -0.001 -13"><span class='ocrx_word' id='word_1_1' title='bbox 99 178 171 246; x_wconf 74' lang='lat'><strong>¹84</strong></span> <span class='ocrx_word' id='word_1_2' title='bbox 464 174 783 242; x_wconf 84' lang='lat' dir='ltr'><strong>DISSERTATIO</strong></span> <span class='ocrx_word' id='word_1_3' title='bbox 812 175 864 256; x_wconf 70' lang='lat' dir='ltr'><strong>ll,</strong></span> 
     </span>
    </p>
   </div>
   <div class='ocr_carea' id='block_1_2' title="bbox 30 342 1244 4048">
    <p class='ocr_par' dir='ltr' id='par_1_2' title="bbox 30 342 1244 4048">
     <span class='ocr_line' id='line_1_2' title="bbox 99 342 1204 445; baseline -0.004 -19"><span class='ocrx_word' id='word_1_4' title='bbox 99 359 163 426; x_wconf 77' lang='lat' dir='ltr'><strong>voci</strong></span> <span class='ocrx_word' id='word_1_5' title='bbox 185 342 313 426; x_wconf 85' lang='grc' dir='ltr'><strong><em>ἱππότα</em></strong></span> <span class='ocrx_word' id='word_1_6' title='bbox 333 356 436 432; x_wconf 88' lang='lat' dir='ltr'><strong>novit,</strong></span> <span class='ocrx_word' id='word_1_7' title='bbox 466 356 519 421; x_wconf 91' lang='lat' dir='ltr'><strong>sed</strong></span> <span class='ocrx_word' id='word_1_8' title='bbox 542 357 632 420; x_wconf 90' lang='lat' dir='ltr'><strong>etiam</strong></span> <span class='ocrx_word' id='word_1_9' title='bbox 654 357 787 422; x_wconf 92' lang='lat' dir='ltr'><strong>dativum</strong></span> <span class='ocrx_word' id='word_1_10' title='bbox 808 354 854 445; x_wconf 77' lang='lat' dir='ltr'><strong>cpi</strong></span> <span class='ocrx_word' id='word_1_11' title='bbox 878 351 1008 423; x_wconf 82' lang='grc' dir='ltr'><strong><em>ἱππότα</em></strong></span> <span class='ocrx_word' id='word_1_12' title='bbox 1026 367 1059 420; x_wconf 87' lang='lat' dir='ltr'><strong>et</strong></span> <span class='ocrx_word' id='word_1_13' title='bbox 1080 357 1204 422; x_wconf 79' lang='lat' dir='ltr'><strong>sortasse</strong></span> 
     </span>
     <span class='ocr_line' id='line_1_3' title="bbox 100 458 1205 548; baseline 0.001 -23"><span class='ocrx_word' id='word_1_14' title='bbox 100 461 187 548; x_wconf 84' lang='lat' dir='ltr'><strong>plura</strong></span> <span class='ocrx_word' id='word_1_15' title='bbox 207 463 245 523; x_wconf 86' lang='lat' dir='ltr'><strong>ad</strong></span> <span class='ocrx_word' id='word_1_16' title='bbox 266 461 346 524; x_wconf 91' lang='lat' dir='ltr'><strong>huno</strong></span> <span class='ocrx_word' id='word_1_17' title='bbox 368 460 499 523; x_wconf 58' lang='lat' dir='ltr'><strong>modum«</strong></span> <span class='ocrx_word' id='word_1_18' title='bbox 546 459 643 524; x_wconf 89' lang='lat' dir='ltr'><strong>Unum</strong></span> <span class='ocrx_word' id='word_1_19' title='bbox 672 471 755 524; x_wconf 89' lang='lat' dir='ltr'><strong>certe</strong></span> <span class='ocrx_word' id='word_1_20' title='bbox 777 459 869 524; x_wconf 88' lang='lat' dir='ltr'><strong>dativi</strong></span> <span class='ocrx_word' id='word_1_21' title='bbox 891 458 1063 543; x_wconf 86' lang='lat' dir='ltr'><strong>exemplum</strong></span> <span class='ocrx_word' id='word_1_22' title='bbox 1086 460 1205 526; x_wconf 87' lang='lat' dir='ltr'><strong>affertur</strong></span> 
     </span>
     <span class='ocr_line' id='line_1_4' title="bbox 49 559 1206 652; baseline 0.003 -25"><span class='ocrx_word' id='word_1_23' title='bbox 49 638 55 652; x_wconf 31' lang='grc' dir='ltr'>Ι</span> <span class='ocrx_word' id='word_1_24' title='bbox 99 565 132 628; x_wconf 92' lang='lat' dir='ltr'><strong>in</strong></span> <span class='ocrx_word' id='word_1_25' title='bbox 153 563 267 626; x_wconf 90' lang='lat' dir='ltr'><strong>Anecd.</strong></span> <span class='ocrx_word' id='word_1_26' title='bbox 292 584 322 646; x_wconf 91' lang='lat' dir='ltr'><strong>p.</strong></span> <span class='ocrx_word' id='word_1_27' title='bbox 346 559 441 625; x_wconf 88' lang='grc'><strong>1187.</strong></span> <span class='ocrx_word' id='word_1_28' title='bbox 472 564 543 628; x_wconf 81' lang='grc' dir='ltr'><strong><em>ἔστι</em></strong></span> <span class='ocrx_word' id='word_1_29' title='bbox 570 560 616 649; x_wconf 76' lang='grc' dir='ltr'><strong><em>τῷ</em></strong></span> <span class='ocrx_word' id='word_1_30' title='bbox 643 561 872 652; x_wconf 89' lang='grc' dir='ltr'><strong><em>κυανοχαῖτου</em></strong></span> <span class='ocrx_word' id='word_1_31' title='bbox 898 560 970 646; x_wconf 86' lang='lat' dir='ltr'><strong>(sic)</strong></span> <span class='ocrx_word' id='word_1_32' title='bbox 991 561 1052 628; x_wconf 86' lang='grc' dir='ltr'><strong><em>καλ</em></strong></span> <span class='ocrx_word' id='word_1_33' title='bbox 1079 562 1206 652; x_wconf 72' lang='grc' dir='ltr'><strong><em>γίνεται</em></strong></span> 
     </span>
     <span class='ocr_line' id='line_1_5' title="bbox 98 650 1205 757; baseline 0.003 -25"><span class='ocrx_word' id='word_1_34' title='bbox 98 665 186 734; x_wconf 88' lang='grc' dir='ltr'><strong><em>κατά</em></strong></span> <span class='ocrx_word' id='word_1_35' title='bbox 200 661 451 752; x_wconf 84' lang='grc' dir='ltr'><strong><em>μεταπλαομάν</em></strong></span> <span class='ocrx_word' id='word_1_36' title='bbox 464 663 509 751; x_wconf 76' lang='grc' dir='ltr'><strong><em>τῷ</em></strong></span> <span class='ocrx_word' id='word_1_37' title='bbox 527 663 737 754; x_wconf 93' lang='grc' dir='ltr'><strong><em>κυανοχαῖτα</em></strong></span> <span class='ocrx_word' id='word_1_38' title='bbox 750 666 808 732; x_wconf 86' lang='grc' dir='ltr'><strong><em>καὶ</em></strong></span> <span class='ocrx_word' id='word_1_39' title='bbox 820 659 860 732; x_wconf 81' lang='lat' dir='ltr'><strong>od</strong></span> <span class='ocrx_word' id='word_1_40' title='bbox 885 668 961 755; x_wconf 75' lang='grc' dir='ltr'><strong><em>,ἔχει</em></strong></span> <span class='ocrx_word' id='word_1_41' title='bbox 976 661 1015 731; x_wconf 78' lang='grc' dir='ltr'><strong><em>τά</em></strong></span> <span class='ocrx_word' id='word_1_42' title='bbox 1031 650 1058 744; x_wconf 62' lang='grc' dir='ltr'>ζ</span> <span class='ocrx_word' id='word_1_43' title='bbox 1072 664 1119 741; x_wconf 75' lang='grc' dir='ltr'><strong>οῖς</strong></span> <span class='ocrx_word' id='word_1_44' title='bbox 1133 665 1205 757; x_wconf 82' lang='grc' dir='ltr'><strong><em>παρ’</em></strong></span> 
     </span>
     <span class='ocr_line' id='line_1_6' title="bbox 97 759 1205 857; baseline -0.001 -20"><span class='ocrx_word' id='word_1_45' title='bbox 97 759 295 856; x_wconf 72' lang='grc' dir='ltr'><strong>Ἀντιμάχῳ</strong></span> <span class='ocrx_word' id='word_1_46' title='bbox 306 765 424 856; x_wconf 79' lang='grc' dir='ltr'><strong><em>Πατρῖ</em></strong></span> <span class='ocrx_word' id='word_1_47' title='bbox 437 793 473 834; x_wconf 87' lang='grc' dir='ltr'><strong><em>τε</em></strong></span> <span class='ocrx_word' id='word_1_48' title='bbox 486 766 694 857; x_wconf 91' lang='grc' dir='ltr'><strong><em>κυανοχαῖτα</em></strong></span> <span class='ocrx_word' id='word_1_49' title='bbox 708 766 844 835; x_wconf 78' lang='grc' dir='ltr'><strong><em>Ποσειά</em></strong></span> <span class='ocrx_word' id='word_1_50' title='bbox 891 784 926 835; x_wconf 86' lang='grc' dir='ltr'><strong>νι</strong></span> <span class='ocrx_word' id='word_1_51' title='bbox 938 766 1133 851; x_wconf 61' lang='grc' dir='ltr'><strong><em>πεποιθώς,</em></strong></span> <span class='ocrx_word' id='word_1_52' title='bbox 1148 771 1205 856; x_wconf 84' lang='lat' dir='ltr'><strong>‹pui-</strong></span> 
     </span>
     <span class='ocr_line' id='line_1_7' title="bbox 98 868 1205 964; baseline 0.001 -26"><span class='ocrx_word' id='word_1_53' title='bbox 98 874 153 938; x_wconf 89' lang='lat' dir='ltr'><strong>hus</strong></span> <span class='ocrx_word' id='word_1_54' title='bbox 176 872 232 936; x_wconf 94' lang='lat' dir='ltr'><strong>hoc</strong></span> <span class='ocrx_word' id='word_1_55' title='bbox 254 870 419 954; x_wconf 84' lang='lat' dir='ltr'><strong>significari</strong></span> <span class='ocrx_word' id='word_1_56' title='bbox 443 871 581 946; x_wconf 89' lang='lat' dir='ltr'><strong>videtur,</strong></span> <span class='ocrx_word' id='word_1_57' title='bbox 605 892 647 934; x_wconf 89' lang='lat' dir='ltr'><strong>ex</strong></span> <span class='ocrx_word' id='word_1_58' title='bbox 667 868 878 961; x_wconf 82' lang='grc' dir='ltr'><strong><em>κυανοχαῖτῳ</em></strong></span> <span class='ocrx_word' id='word_1_59' title='bbox 901 871 968 934; x_wconf 88' lang='lat' dir='ltr'><strong>lieri</strong></span> <span class='ocrx_word' id='word_1_60' title='bbox 987 872 1205 964; x_wconf 85' lang='grc' dir='ltr'><strong><em>κυανοχαῖτη,</em></strong></span> 
     </span>
     <span class='ocr_line' id='line_1_8' title="bbox 98 970 1205 1064; baseline 0.002 -25"><span class='ocrx_word' id='word_1_61' title='bbox 98 977 175 1062; x_wconf 84' lang='lat' dir='ltr'><strong>quod</strong></span> <span class='ocrx_word' id='word_1_62' title='bbox 199 973 313 1038; x_wconf 83' lang='lat' dir='ltr'>aeolice</span> <span class='ocrx_word' id='word_1_63' title='bbox 335 972 477 1036; x_wconf 79' lang='lat' dir='ltr'><strong>scribitur</strong></span> <span class='ocrx_word' id='word_1_64' title='bbox 498 970 705 1061; x_wconf 73' lang='grc' dir='ltr'><strong><em>κυανοχαῖτα</em></strong></span> <span class='ocrx_word' id='word_1_65' title='bbox 732 973 776 1058; x_wconf 83' lang='lat' dir='ltr'><strong>(id</strong></span> <span class='ocrx_word' id='word_1_66' title='bbox 792 986 839 1038; x_wconf 85' lang='lat' dir='ltr'><strong>est</strong></span> <span class='ocrx_word' id='word_1_67' title='bbox 851 975 1078 1064; x_wconf 89' lang='grc' dir='ltr'><strong><em>κυανοχαῖτα)</em></strong></span> <span class='ocrx_word' id='word_1_68' title='bbox 1099 976 1205 1041; x_wconf 84' lang='lat' dir='ltr'><strong>omisso</strong></span> 
     </span>
     <span class='ocr_line' id='line_1_9' title="bbox 96 1077 1238 1162; baseline -0.001 -19"><span class='ocrx_word' id='word_1_69' title='bbox 96 1078 159 1143; x_wconf 89' lang='lat' dir='ltr'><strong>iota</strong></span> <span class='ocrx_word' id='word_1_70' title='bbox 179 1077 342 1160; x_wconf 88' lang='lat' dir='ltr'><strong>ultimaque</strong></span> <span class='ocrx_word' id='word_1_71' title='bbox 364 1084 501 1158; x_wconf 88' lang='lat' dir='ltr'><strong>correpta</strong></span> <span class='ocrx_word' id='word_1_72' title='bbox 522 1097 578 1140; x_wconf 92' lang='lat' dir='ltr'><strong>neo</strong></span> <span class='ocrx_word' id='word_1_73' title='bbox 611 1087 712 1140; x_wconf 85' lang='lat' dir='ltr'><strong>tamen</strong></span> <span class='ocrx_word' id='word_1_74' title='bbox 734 1087 867 1140; x_wconf 88' lang='lat' dir='ltr'><strong>retracto</strong></span> <span class='ocrx_word' id='word_1_75' title='bbox 889 1087 1037 1157; x_wconf 88' lang='lat' dir='ltr'><strong>accentu,</strong></span> <span class='ocrx_word' id='word_1_76' title='bbox 1068 1079 1121 1162; x_wconf 88' lang='lat' dir='ltr'><strong>qui</strong></span> <span class='ocrx_word' id='word_1_77' title='bbox 1138 1088 1205 1142; x_wconf 90' lang='lat' dir='ltr'><strong>tunc</strong></span> <span class='ocrx_word' id='word_1_78' title='bbox 1235 1146 1238 1155; x_wconf 39' lang='lat'><strong>,</strong></span> 
     </span>
     <span class='ocr_line' id='line_1_10' title="bbox 98 1164 1206 1264; baseline 0.001 -17"><span class='ocrx_word' id='word_1_79' title='bbox 98 1184 215 1247; x_wconf 91' lang='lat' dir='ltr'><strong>demum</strong></span> <span class='ocrx_word' id='word_1_80' title='bbox 237 1178 421 1252; x_wconf 87' lang='lat' dir='ltr'><strong>reclinatur,</strong></span> <span class='ocrx_word' id='word_1_81' title='bbox 444 1177 470 1241; x_wconf 91' lang='lat' dir='ltr'><strong>si</strong></span> <span class='ocrx_word' id='word_1_82' title='bbox 492 1179 610 1242; x_wconf 82' lang='lat' dir='ltr'><strong>dativus</strong></span> <span class='ocrx_word' id='word_1_83' title='bbox 632 1164 702 1244; x_wconf 62' lang='lat' dir='ltr'><strong>inl</strong></span> <span class='ocrx_word' id='word_1_84' title='bbox 727 1180 804 1242; x_wconf 85' lang='lat' dir='ltr'><strong>exit.</strong></span> <span class='ocrx_word' id='word_1_85' title='bbox 833 1179 979 1244; x_wconf 91' lang='lat' dir='ltr'><strong>Arcadius</strong></span> <span class='ocrx_word' id='word_1_86' title='bbox 1000 1201 1032 1264; x_wconf 93' lang='lat' dir='ltr'><strong>p.</strong></span> <span class='ocrx_word' id='word_1_87' title='bbox 1059 1179 1135 1248; x_wconf 95' lang='grc'><strong>129.</strong></span> <span class='ocrx_word' id='word_1_88' title='bbox 1156 1180 1206 1248; x_wconf 85' lang='grc' dir='ltr'><strong>λῖ-</strong></span> 
     </span>
     <span class='ocr_line' id='line_1_11' title="bbox 96 1275 1206 1374; baseline 0.001 -23"><span class='ocrx_word' id='word_1_89' title='bbox 96 1310 148 1374; x_wconf 82' lang='grc' dir='ltr'><strong>χει</strong></span> <span class='ocrx_word' id='word_1_90' title='bbox 175 1281 194 1349; x_wconf 83' lang='grc' dir='ltr'>ὁ</span> <span class='ocrx_word' id='word_1_91' title='bbox 219 1277 380 1369; x_wconf 80' lang='grc' dir='ltr'><strong><em>Τεχνικός</em></strong></span> <span class='ocrx_word' id='word_1_92' title='bbox 410 1275 464 1347; x_wconf 85' lang='grc' dir='ltr'><strong><em>ὅτι</em></strong></span> <span class='ocrx_word' id='word_1_93' title='bbox 491 1285 527 1347; x_wconf 85' lang='grc' dir='ltr'><strong><em>αἱ</em></strong></span> <span class='ocrx_word' id='word_1_94' title='bbox 554 1280 885 1367; x_wconf 82' lang='grc' dir='ltr'><strong><em>μεταπεπλασμέναι</em></strong></span> <span class='ocrx_word' id='word_1_95' title='bbox 907 1281 1043 1349; x_wconf 84' lang='grc' dir='ltr'><strong><em>δοτικαῖ</em></strong></span> <span class='ocrx_word' id='word_1_96' title='bbox 1070 1287 1206 1374; x_wconf 80' lang='grc' dir='ltr'><strong><em>ἔχουσαι</em></strong></span> 
     </span>
     <span class='ocr_line' id='line_1_12' title="bbox 95 1373 1206 1476; baseline -0.003 -22"><span class='ocrx_word' id='word_1_97' title='bbox 95 1387 134 1454; x_wconf 87' lang='grc' dir='ltr'>τὸ</span> <span class='ocrx_word' id='word_1_98' title='bbox 147 1373 508 1471; x_wconf 75' lang='grc' dir='ltr'><strong><em>ἷπροπαροξάνονται,</em></strong></span> <span class='ocrx_word' id='word_1_99' title='bbox 532 1378 551 1448; x_wconf 84' lang='grc' dir='ltr'>ὁ</span> <span class='ocrx_word' id='word_1_100' title='bbox 566 1380 820 1471; x_wconf 82' lang='grc' dir='ltr'><strong><em>πολυπάταχος,</em></strong></span> <span class='ocrx_word' id='word_1_101' title='bbox 840 1384 885 1472; x_wconf 79' lang='grc' dir='ltr'><strong><em>τῷ</em></strong></span> <span class='ocrx_word' id='word_1_102' title='bbox 901 1378 1136 1476; x_wconf 79' lang='grc' dir='ltr'><strong><em>πολυπάταχι,</em></strong></span> <span class='ocrx_word' id='word_1_103' title='bbox 1152 1409 1206 1472; x_wconf 87' lang='lat' dir='ltr'><strong>quo</strong></span> 
     </span>
     <span class='ocr_line' id='line_1_13' title="bbox 96 1481 1206 1578; baseline -0.001 -23"><span class='ocrx_word' id='word_1_104' title='bbox 96 1488 235 1573; x_wconf 80' lang='lat' dir='ltr'><strong>exemplo</strong></span> <span class='ocrx_word' id='word_1_105' title='bbox 257 1481 451 1572; x_wconf 72' lang='lat' dir='ltr'><strong>deddpcpcplc</strong></span> <span class='ocrx_word' id='word_1_106' title='bbox 471 1486 659 1552; x_wconf 92' lang='lat' dir='ltr'><strong>scribendum</strong></span> <span class='ocrx_word' id='word_1_107' title='bbox 682 1497 764 1551; x_wconf 84' lang='lat' dir='ltr'><strong>esset</strong></span> <span class='ocrx_word' id='word_1_108' title='bbox 784 1498 815 1552; x_wconf 85' lang='lat' dir='ltr'><strong>et</strong></span> <span class='ocrx_word' id='word_1_109' title='bbox 836 1484 998 1578; x_wconf 84' lang='grc' dir='ltr'><strong><em>άλῖτροχι,</em></strong></span> <span class='ocrx_word' id='word_1_110' title='bbox 1022 1490 1051 1555; x_wconf 93' lang='lat' dir='ltr'><strong>si</strong></span> <span class='ocrx_word' id='word_1_111' title='bbox 1069 1491 1138 1575; x_wconf 90' lang='lat' dir='ltr'><strong>quis</strong></span> <span class='ocrx_word' id='word_1_112' title='bbox 1154 1489 1206 1554; x_wconf 90' lang='lat' dir='ltr'><strong>hoc</strong></span> 
     </span>
     <span class='ocr_line' id='line_1_14' title="bbox 95 1581 1206 1680; baseline -0.003 -21"><span class='ocrx_word' id='word_1_113' title='bbox 95 1593 288 1677; x_wconf 80' lang='lat' dir='ltr'><strong>metaplasmo</strong></span> <span class='ocrx_word' id='word_1_114' title='bbox 312 1600 461 1666; x_wconf 89' lang='lat' dir='ltr'><strong>uteretur,</strong></span> <span class='ocrx_word' id='word_1_115' title='bbox 486 1611 548 1655; x_wconf 95' lang='lat' dir='ltr'><strong>non</strong></span> <span class='ocrx_word' id='word_1_116' title='bbox 575 1602 676 1655; x_wconf 87' lang='lat' dir='ltr'><strong>antem</strong></span> <span class='ocrx_word' id='word_1_117' title='bbox 698 1581 916 1680; x_wconf 86' lang='grc' dir='ltr'><strong><em>κυανόχαιτα.</em></strong></span> <span class='ocrx_word' id='word_1_118' title='bbox 961 1592 1008 1658; x_wconf 89' lang='lat' dir='ltr'><strong>Ne</strong></span> <span class='ocrx_word' id='word_1_119' title='bbox 1039 1593 1107 1677; x_wconf 85' lang='lat' dir='ltr'><strong>quis</strong></span> <span class='ocrx_word' id='word_1_120' title='bbox 1135 1614 1206 1657; x_wconf 90' lang='lat' dir='ltr'><strong>vero</strong></span> 
     </span>
     <span class='ocr_line' id='line_1_15' title="bbox 96 1692 1206 1784; baseline -0.003 -21"><span class='ocrx_word' id='word_1_121' title='bbox 96 1699 236 1772; x_wconf 88' lang='lat' dir='ltr'><strong>miretur,</strong></span> <span class='ocrx_word' id='word_1_122' title='bbox 260 1695 405 1778; x_wconf 83' lang='lat' dir='ltr'><strong>quomodo</strong></span> <span class='ocrx_word' id='word_1_123' title='bbox 431 1692 623 1782; x_wconf 87' lang='lat' dir='ltr'><strong>Grammatiei</strong></span> <span class='ocrx_word' id='word_1_124' title='bbox 645 1692 852 1784; x_wconf 89' lang='grc' dir='ltr'><strong><em>κυανοχαῖτα</em></strong></span> <span class='ocrx_word' id='word_1_125' title='bbox 875 1695 1085 1779; x_wconf 88' lang='lat' dir='ltr'><strong>metaplastum</strong></span> <span class='ocrx_word' id='word_1_126' title='bbox 1109 1697 1206 1760; x_wconf 89' lang='lat' dir='ltr'><strong>dicere</strong></span> 
     </span>
     <span class='ocr_line' id='line_1_16' title="bbox 95 1795 1206 1888; baseline -0.003 -21"><span class='ocrx_word' id='word_1_127' title='bbox 95 1802 233 1888; x_wconf 77' lang='lat' dir='ltr'><strong>possint,</strong></span> <span class='ocrx_word' id='word_1_128' title='bbox 256 1819 345 1882; x_wconf 93' lang='lat' dir='ltr'><strong>quum</strong></span> <span class='ocrx_word' id='word_1_129' title='bbox 367 1795 459 1882; x_wconf 83' lang='lat' dir='ltr'><strong>vulgo</strong></span> <span class='ocrx_word' id='word_1_130' title='bbox 480 1797 524 1861; x_wconf 90' lang='lat' dir='ltr'><strong>ita</strong></span> <span class='ocrx_word' id='word_1_131' title='bbox 544 1818 600 1860; x_wconf 89' lang='lat' dir='ltr'><strong>nos</strong></span> <span class='ocrx_word' id='word_1_132' title='bbox 623 1797 768 1875; x_wconf 77' lang='lat' dir='ltr'><strong>doceant,</strong></span> <span class='ocrx_word' id='word_1_133' title='bbox 801 1798 1027 1882; x_wconf 83' lang='lat' dir='ltr'><strong>metaplasmum</strong></span> <span class='ocrx_word' id='word_1_134' title='bbox 1057 1821 1122 1864; x_wconf 92' lang='lat' dir='ltr'><strong>non</strong></span> <span class='ocrx_word' id='word_1_135' title='bbox 1142 1799 1206 1864; x_wconf 86' lang='lat' dir='ltr'><strong>fleri</strong></span> 
     </span>
     <span class='ocr_line' id='line_1_17' title="bbox 95 1888 1206 1988; baseline -0.001 -20"><span class='ocrx_word' id='word_1_136' title='bbox 95 1904 156 1968; x_wconf 87' lang='lat' dir='ltr'><strong>uisi</strong></span> <span class='ocrx_word' id='word_1_137' title='bbox 186 1897 255 1970; x_wconf 83' lang='grc' dir='ltr'><strong>άπὸ</strong></span> <span class='ocrx_word' id='word_1_138' title='bbox 281 1899 414 1967; x_wconf 81' lang='grc' dir='ltr'><strong><em>τελικοῠ</em></strong></span> <span class='ocrx_word' id='word_1_139' title='bbox 435 1902 482 1972; x_wconf 87' lang='grc' dir='ltr'><strong>εἰς</strong></span> <span class='ocrx_word' id='word_1_140' title='bbox 514 1893 751 1986; x_wconf 84' lang='grc' dir='ltr'><strong><em>ὁμοιόπτυτον</em></strong></span> <span class='ocrx_word' id='word_1_141' title='bbox 773 1893 904 1968; x_wconf 85' lang='grc' dir='ltr'><strong><em>τελικόν</em></strong></span> <span class='ocrx_word' id='word_1_142' title='bbox 928 1888 1069 1968; x_wconf 84' lang='lat' dir='ltr'><strong>Euslatb.</strong></span> <span class='ocrx_word' id='word_1_143' title='bbox 1098 1925 1129 1988; x_wconf 93' lang='lat' dir='ltr'><strong>p.</strong></span> <span class='ocrx_word' id='word_1_144' title='bbox 1153 1901 1206 1978; x_wconf 91' lang='grc'><strong>75,</strong></span> 
     </span>
     <span class='ocr_line' id='line_1_18' title="bbox 97 2001 1204 2088; baseline -0.003 -16"><span class='ocrx_word' id='word_1_145' title='bbox 97 2005 150 2072; x_wconf 89' lang='grc'><strong>59.</strong></span> <span class='ocrx_word' id='word_1_146' title='bbox 177 2001 330 2086; x_wconf 88' lang='lat' dir='ltr'><strong>Moscbop.</strong></span> <span class='ocrx_word' id='word_1_147' title='bbox 363 2001 401 2064; x_wconf 87' lang='lat' dir='ltr'><strong>ad</strong></span> <span class='ocrx_word' id='word_1_148' title='bbox 424 2001 546 2066; x_wconf 90' lang='lat' dir='ltr'><strong>Hesiod.</strong></span> <span class='ocrx_word' id='word_1_149' title='bbox 579 2003 651 2088; x_wconf 85' lang='lat' dir='ltr'><strong>Opp.</strong></span> <span class='ocrx_word' id='word_1_150' title='bbox 683 2024 715 2068; x_wconf 92' lang='lat' dir='ltr'><strong>v.</strong></span> <span class='ocrx_word' id='word_1_151' title='bbox 742 2002 775 2068; x_wconf 92' lang='grc'><strong>9.</strong></span> <span class='ocrx_word' id='word_1_152' title='bbox 800 2004 900 2069; x_wconf 88' lang='lat' dir='ltr'><strong>Schol.</strong></span> <span class='ocrx_word' id='word_1_153' title='bbox 924 2005 999 2068; x_wconf 88' lang='lat' dir='ltr'><strong>Eur.</strong></span> <span class='ocrx_word' id='word_1_154' title='bbox 1031 2005 1085 2070; x_wconf 87' lang='lat' dir='ltr'><strong>Or.</strong></span> <span class='ocrx_word' id='word_1_155' title='bbox 1111 2004 1204 2072; x_wconf 81' lang='grc'><strong>1428.</strong></span> 
     </span>
     <span class='ocr_line' id='line_1_19' title="bbox 96 2088 1204 2192; baseline -0.002 -20"><span class='ocrx_word' id='word_1_156' title='bbox 96 2109 214 2172; x_wconf 83' lang='lat' dir='ltr'><strong>dativus</strong></span> <span class='ocrx_word' id='word_1_157' title='bbox 236 2088 349 2169; x_wconf 43' lang='lat' dir='ltr'><strong>autem*</strong></span> <span class='ocrx_word' id='word_1_158' title='bbox 368 2104 401 2167; x_wconf 94' lang='lat' dir='ltr'><strong>in</strong></span> <span class='ocrx_word' id='word_1_159' title='bbox 422 2089 446 2171; x_wconf 74' lang='grc' dir='ltr'><strong><em>α</em></strong></span> <span class='ocrx_word' id='word_1_160' title='bbox 465 2104 566 2168; x_wconf 93' lang='lat' dir='ltr'><strong>nullus</strong></span> <span class='ocrx_word' id='word_1_161' title='bbox 589 2116 692 2181; x_wconf 82' lang='lat' dir='ltr'><strong>exeat,</strong></span> <span class='ocrx_word' id='word_1_162' title='bbox 715 2127 789 2172; x_wconf 91' lang='lat' dir='ltr'><strong>sane</strong></span> <span class='ocrx_word' id='word_1_163' title='bbox 810 2129 829 2172; x_wconf 87' lang='lat' dir='ltr'><strong>a</strong></span> <span class='ocrx_word' id='word_1_164' title='bbox 851 2107 1018 2192; x_wconf 89' lang='lat' dir='ltr'><strong>Porphyrio</strong></span> <span class='ocrx_word' id='word_1_165' title='bbox 1042 2106 1075 2171; x_wconf 93' lang='lat' dir='ltr'><strong>in</strong></span> <span class='ocrx_word' id='word_1_166' title='bbox 1090 2109 1204 2172; x_wconf 89' lang='lat' dir='ltr'><strong>Anecd.</strong></span> 
     </span>
     <span class='ocr_line' id='line_1_20' title="bbox 96 2205 1207 2293; baseline 0 -19"><span class='ocrx_word' id='word_1_167' title='bbox 96 2208 216 2274; x_wconf 93' lang='lat' dir='ltr'><strong>Villois.</strong></span> <span class='ocrx_word' id='word_1_168' title='bbox 248 2207 284 2270; x_wconf 87' lang='lat' dir='ltr'><strong>T.</strong></span> <span class='ocrx_word' id='word_1_169' title='bbox 309 2205 346 2270; x_wconf 88' lang='grc' dir='ltr'><strong>ΙΙ.</strong></span> <span class='ocrx_word' id='word_1_170' title='bbox 384 2228 414 2291; x_wconf 89' lang='lat' dir='ltr'><strong>p.</strong></span> <span class='ocrx_word' id='word_1_171' title='bbox 440 2206 514 2271; x_wconf 86' lang='grc'><strong>116.</strong></span> <span class='ocrx_word' id='word_1_172' title='bbox 545 2208 631 2293; x_wconf 91' lang='lat' dir='ltr'><strong>alpha</strong></span> <span class='ocrx_word' id='word_1_173' title='bbox 659 2210 741 2274; x_wconf 90' lang='lat' dir='ltr'><strong>inter</strong></span> <span class='ocrx_word' id='word_1_174' title='bbox 769 2210 862 2276; x_wconf 90' lang='lat' dir='ltr'><strong>dativi</strong></span> <span class='ocrx_word' id='word_1_175' title='bbox 891 2210 1047 2276; x_wconf 84' lang='lat' dir='ltr'><strong>eatalexes</strong></span> <span class='ocrx_word' id='word_1_176' title='bbox 1072 2213 1207 2277; x_wconf 84' lang='lat' dir='ltr'><strong>refertur</strong></span> 
     </span>
     <span class='ocr_line' id='line_1_21' title="bbox 94 2307 1207 2399; baseline 0.002 -24"><span class='ocrx_word' id='word_1_177' title='bbox 94 2322 217 2399; x_wconf 90' lang='lat' dir='ltr'><strong>propter</strong></span> <span class='ocrx_word' id='word_1_178' title='bbox 238 2307 352 2399; x_wconf 82' lang='grc' dir='ltr'><strong><em>κοχλῖη</em></strong></span> <span class='ocrx_word' id='word_1_179' title='bbox 376 2320 408 2373; x_wconf 86' lang='lat' dir='ltr'><strong>et</strong></span> <span class='ocrx_word' id='word_1_180' title='bbox 428 2311 556 2389; x_wconf 90' lang='lat' dir='ltr'><strong>similia,</strong></span> <span class='ocrx_word' id='word_1_181' title='bbox 581 2312 649 2397; x_wconf 88' lang='lat' dir='ltr'><strong>quia</strong></span> <span class='ocrx_word' id='word_1_182' title='bbox 666 2313 734 2398; x_wconf 90' lang='lat' dir='ltr'><strong>jota</strong></span> <span class='ocrx_word' id='word_1_183' title='bbox 753 2333 815 2376; x_wconf 94' lang='lat' dir='ltr'><strong>non</strong></span> <span class='ocrx_word' id='word_1_184' title='bbox 838 2314 924 2377; x_wconf 92' lang='lat' dir='ltr'><strong>modo</strong></span> <span class='ocrx_word' id='word_1_185' title='bbox 947 2335 1009 2377; x_wconf 93' lang='lat' dir='ltr'><strong>non</strong></span> <span class='ocrx_word' id='word_1_186' title='bbox 1032 2314 1207 2379; x_wconf 83' lang='lat' dir='ltr'><strong>audiebatur</strong></span> 
     </span>
     <span class='ocr_line' id='line_1_22' title="bbox 95 2415 1208 2498; baseline 0.003 -18"><span class='ocrx_word' id='word_1_187' title='bbox 95 2416 148 2480; x_wconf 89' lang='lat' dir='ltr'><strong>sed</strong></span> <span class='ocrx_word' id='word_1_188' title='bbox 175 2436 214 2479; x_wconf 93' lang='lat' dir='ltr'><strong>ne</strong></span> <span class='ocrx_word' id='word_1_189' title='bbox 234 2416 421 2480; x_wconf 77' lang='lat' dir='ltr'><strong>scribebatur</strong></span> <span class='ocrx_word' id='word_1_190' title='bbox 449 2415 565 2498; x_wconf 91' lang='lat' dir='ltr'><strong>quidem</strong></span> <span class='ocrx_word' id='word_1_191' title='bbox 587 2417 623 2479; x_wconf 86' lang='lat' dir='ltr'><strong>ab</strong></span> <span class='ocrx_word' id='word_1_192' title='bbox 646 2415 799 2479; x_wconf 79' lang='lat' dir='ltr'><strong>omnibus:</strong></span> <span class='ocrx_word' id='word_1_193' title='bbox 824 2416 963 2490; x_wconf 81' lang='grc' dir='ltr'><strong><em>Αἰολεῖς</em></strong></span> <span class='ocrx_word' id='word_1_194' title='bbox 983 2416 1040 2483; x_wconf 88' lang='grc' dir='ltr'><strong><em>καῖ</em></strong></span> <span class='ocrx_word' id='word_1_195' title='bbox 1057 2417 1208 2485; x_wconf 77' lang='grc' dir='ltr'><strong><em>Βοιωτοὶ</em></strong></span> 
     </span>
     <span class='ocr_line' id='line_1_23' title="bbox 96 2511 1244 2610; baseline -0.003 -24"><span class='ocrx_word' id='word_1_196' title='bbox 96 2514 158 2610; x_wconf 75' lang='grc' dir='ltr'><strong>οὐχ</strong></span> <span class='ocrx_word' id='word_1_197' title='bbox 177 2516 391 2608; x_wconf 76' lang='grc' dir='ltr'><strong><em>υπῖχραφον,</em></strong></span> <span class='ocrx_word' id='word_1_198' title='bbox 414 2513 496 2606; x_wconf 83' lang='grc' dir='ltr'><strong><em>ὅπερ</em></strong></span> <span class='ocrx_word' id='word_1_199' title='bbox 517 2514 597 2605; x_wconf 83' lang='grc' dir='ltr'><strong><em>παρ’</em></strong></span> <span class='ocrx_word' id='word_1_200' title='bbox 621 2512 816 2606; x_wconf 82' lang='grc' dir='ltr'><strong><em>Ἀντιμάχῳ</em></strong></span> <span class='ocrx_word' id='word_1_201' title='bbox 841 2511 1057 2606; x_wconf 78' lang='grc' dir='ltr'><strong><em>φυλάττεται.</em></strong></span> <span class='ocrx_word' id='word_1_202' title='bbox 1101 2518 1205 2605; x_wconf 87' lang='lat' dir='ltr'><strong>ltaque</strong></span> <span class='ocrx_word' id='word_1_203' title='bbox 1241 2553 1244 2556; x_wconf 56' lang='lat'><em>&gt;</em></span> 
     </span>
     <span class='ocr_line' id='line_1_24' title="bbox 95 2620 1206 2710; baseline -0.001 -23"><span class='ocrx_word' id='word_1_204' title='bbox 95 2624 185 2687; x_wconf 90' lang='lat' dir='ltr'><strong>etiam</strong></span> <span class='ocrx_word' id='word_1_205' title='bbox 207 2620 416 2710; x_wconf 89' lang='grc' dir='ltr'><strong><em>κυανοχαῖτα</em></strong></span> <span class='ocrx_word' id='word_1_206' title='bbox 445 2644 505 2684; x_wconf 95' lang='lat' dir='ltr'><strong>non</strong></span> <span class='ocrx_word' id='word_1_207' title='bbox 535 2621 742 2706; x_wconf 75' lang='lat' dir='ltr'><strong>metaplastum</strong></span> <span class='ocrx_word' id='word_1_208' title='bbox 765 2623 817 2685; x_wconf 90' lang='lat' dir='ltr'><strong>scd</strong></span> <span class='ocrx_word' id='word_1_209' title='bbox 839 2622 1009 2706; x_wconf 83' lang='lat' dir='ltr'><strong>regularem</strong></span> <span class='ocrx_word' id='word_1_210' title='bbox 1034 2643 1102 2688; x_wconf 91' lang='lat' dir='ltr'><strong>esse</strong></span> <span class='ocrx_word' id='word_1_211' title='bbox 1128 2623 1206 2687; x_wconf 87' lang='lat' dir='ltr'><strong>arhi-</strong></span> 
     </span>
     <span class='ocr_line' id='line_1_25' title="bbox 93 2722 1204 2808; baseline -0.001 -19"><span class='ocrx_word' id='word_1_212' title='bbox 93 2736 160 2790; x_wconf 91' lang='lat' dir='ltr'><strong>tror</strong></span> <span class='ocrx_word' id='word_1_213' title='bbox 179 2735 371 2808; x_wconf 88' lang='lat' dir='ltr'><strong>monoptotae</strong></span> <span class='ocrx_word' id='word_1_214' title='bbox 393 2722 474 2786; x_wconf 91' lang='lat' dir='ltr'><strong>illius</strong></span> <span class='ocrx_word' id='word_1_215' title='bbox 498 2723 705 2786; x_wconf 88' lang='lat' dir='ltr'><strong>declinationis</strong></span> <span class='ocrx_word' id='word_1_216' title='bbox 728 2725 872 2789; x_wconf 88' lang='lat' dir='ltr'><strong>dativum.</strong></span> <span class='ocrx_word' id='word_1_217' title='bbox 926 2724 1002 2789; x_wconf 86' lang='lat' dir='ltr'><strong>Nam</strong></span> <span class='ocrx_word' id='word_1_218' title='bbox 1026 2736 1059 2791; x_wconf 91' lang='lat' dir='ltr'><strong>et</strong></span> <span class='ocrx_word' id='word_1_219' title='bbox 1085 2746 1204 2791; x_wconf 91' lang='lat' dir='ltr'><strong>accusa-</strong></span> 
     </span>
     <span class='ocr_line' id='line_1_26' title="bbox 30 2814 1203 2915; baseline 0.005 -25"><span class='ocrx_word' id='word_1_220' title='bbox 30 2845 36 2857; x_wconf 87' lang='lat'><strong>·</strong></span> <span class='ocrx_word' id='word_1_221' title='bbox 94 2826 173 2891; x_wconf 87' lang='lat' dir='ltr'><strong>tivos</strong></span> <span class='ocrx_word' id='word_1_222' title='bbox 196 2826 284 2912; x_wconf 87' lang='lat' dir='ltr'><strong>hujus</strong></span> <span class='ocrx_word' id='word_1_223' title='bbox 306 2825 420 2888; x_wconf 89' lang='lat' dir='ltr'><strong>formae</strong></span> <span class='ocrx_word' id='word_1_224' title='bbox 447 2823 573 2907; x_wconf 85' lang='lat' dir='ltr'><strong>legimus</strong></span> <span class='ocrx_word' id='word_1_225' title='bbox 600 2822 704 2914; x_wconf 78' lang='grc' dir='ltr'><strong><em>ἠχέτα</em></strong></span> <span class='ocrx_word' id='word_1_226' title='bbox 727 2825 818 2910; x_wconf 84' lang='lat' dir='ltr'><strong>Orph.</strong></span> <span class='ocrx_word' id='word_1_227' title='bbox 839 2827 915 2912; x_wconf 86' lang='lat' dir='ltr'><strong>Arg.</strong></span> <span class='ocrx_word' id='word_1_228' title='bbox 939 2814 1035 2893; x_wconf 88' lang='grc'><strong>1255.</strong></span> <span class='ocrx_word' id='word_1_229' title='bbox 1063 2831 1203 2915; x_wconf 85' lang='grc' dir='ltr'><strong><em>πολεμι-</em></strong></span> 
     </span>
     <span class='ocr_line' id='line_1_27' title="bbox 94 2921 1200 3015; baseline -0.004 -17"><span class='ocrx_word' id='word_1_230' title='bbox 94 2921 158 2997; x_wconf 89' lang='grc' dir='ltr'><strong><em>στά</em></strong></span> <span class='ocrx_word' id='word_1_231' title='bbox 179 2928 261 2993; x_wconf 85' lang='lat' dir='ltr'><strong>Lith.</strong></span> <span class='ocrx_word' id='word_1_232' title='bbox 285 2925 361 2992; x_wconf 84' lang='lat'><strong>307.</strong></span> <span class='ocrx_word' id='word_1_233' title='bbox 387 2947 422 2989; x_wconf 91' lang='lat' dir='ltr'><strong>ac</strong></span> <span class='ocrx_word' id='word_1_234' title='bbox 449 2926 579 2990; x_wconf 88' lang='lat' dir='ltr'><strong>fortasse</strong></span> <span class='ocrx_word' id='word_1_235' title='bbox 609 2921 761 3013; x_wconf 73' lang='grc' dir='ltr'><strong><em>ου’ριῖοπα</em></strong></span> <span class='ocrx_word' id='word_1_236' title='bbox 786 2950 847 2993; x_wconf 92' lang='lat' dir='ltr'><strong>non</strong></span> <span class='ocrx_word' id='word_1_237' title='bbox 869 2931 921 2994; x_wconf 88' lang='lat' dir='ltr'><strong>illa</strong></span> <span class='ocrx_word' id='word_1_238' title='bbox 942 2932 1064 3015; x_wconf 82' lang='lat' dir='ltr'><strong>vulgari</strong></span> <span class='ocrx_word' id='word_1_239' title='bbox 1086 2934 1200 2996; x_wconf 88' lang='lat' dir='ltr'><strong>ratione</strong></span> 
     </span>
     <span class='ocr_line' id='line_1_28' title="bbox 93 3025 1200 3119; baseline -0.003 -21"><span class='ocrx_word' id='word_1_240' title='bbox 93 3035 129 3098; x_wconf 90' lang='lat' dir='ltr'><strong>ab</strong></span> <span class='ocrx_word' id='word_1_241' title='bbox 151 3025 283 3119; x_wconf 80' lang='grc' dir='ltr'><strong><em>εάράοηι</em></strong></span> <span class='ocrx_word' id='word_1_242' title='bbox 306 3029 485 3095; x_wconf 88' lang='lat' dir='ltr'><strong>declinatum</strong></span> <span class='ocrx_word' id='word_1_243' title='bbox 510 3041 574 3107; x_wconf 88' lang='lat' dir='ltr'><strong>est,</strong></span> <span class='ocrx_word' id='word_1_244' title='bbox 607 3032 692 3114; x_wconf 87' lang='lat' dir='ltr'><strong>cujus</strong></span> <span class='ocrx_word' id='word_1_245' title='bbox 715 3030 816 3095; x_wconf 92' lang='lat' dir='ltr'><strong>nullus</strong></span> <span class='ocrx_word' id='word_1_246' title='bbox 839 3053 926 3096; x_wconf 90' lang='lat' dir='ltr'><strong>casus</strong></span> <span class='ocrx_word' id='word_1_247' title='bbox 949 3035 1123 3116; x_wconf 89' lang='lat' dir='ltr'><strong>reperitur,</strong></span> <span class='ocrx_word' id='word_1_248' title='bbox 1152 3033 1200 3099; x_wconf 90' lang='lat' dir='ltr'><strong>sed</strong></span> 
     </span>
     <span class='ocr_line' id='line_1_29' title="bbox 93 3132 1198 3221; baseline -0.001 -21"><span class='ocrx_word' id='word_1_249' title='bbox 93 3136 285 3218; x_wconf 87' lang='lat' dir='ltr'><strong>homoptoton</strong></span> <span class='ocrx_word' id='word_1_250' title='bbox 314 3132 508 3212; x_wconf 80' lang='lat' dir='ltr'><strong>nominativi3</strong></span> <span class='ocrx_word' id='word_1_251' title='bbox 543 3133 743 3197; x_wconf 89' lang='lat' dir='ltr'><strong>accusativum</strong></span> <span class='ocrx_word' id='word_1_252' title='bbox 771 3133 917 3221; x_wconf 83' lang='grc' dir='ltr'><strong><em>μητίετα</em></strong></span> <span class='ocrx_word' id='word_1_253' title='bbox 948 3156 965 3198; x_wconf 88' lang='lat' dir='ltr'><strong>e</strong></span> <span class='ocrx_word' id='word_1_254' title='bbox 997 3139 1198 3221; x_wconf 83' lang='lat' dir='ltr'><strong>metaplasmo,</strong></span> 
     </span>
     <span class='ocr_line' id='line_1_30' title="bbox 93 3235 1200 3323; baseline -0.001 -21"><span class='ocrx_word' id='word_1_255' title='bbox 93 3249 128 3304; x_wconf 91' lang='lat' dir='ltr'><strong>ut</strong></span> <span class='ocrx_word' id='word_1_256' title='bbox 148 3238 203 3313; x_wconf 92' lang='lat' dir='ltr'><strong>ait,</strong></span> <span class='ocrx_word' id='word_1_257' title='bbox 227 3247 337 3316; x_wconf 88' lang='lat' dir='ltr'><strong>ortum,</strong></span> <span class='ocrx_word' id='word_1_258' title='bbox 362 3237 449 3300; x_wconf 87' lang='lat' dir='ltr'><strong>affert</strong></span> <span class='ocrx_word' id='word_1_259' title='bbox 470 3235 762 3300; x_wconf 83' lang='lat' dir='ltr'><strong>TechnicusArrocd.</strong></span> <span class='ocrx_word' id='word_1_260' title='bbox 778 3259 808 3323; x_wconf 85' lang='lat' dir='ltr'><strong>p.</strong></span> <span class='ocrx_word' id='word_1_261' title='bbox 826 3237 921 3304; x_wconf 77' lang='grc'><strong>1241.</strong></span> <span class='ocrx_word' id='word_1_262' title='bbox 937 3259 1035 3323; x_wconf 89' lang='lat' dir='ltr'><strong>neque</strong></span> <span class='ocrx_word' id='word_1_263' title='bbox 1052 3240 1082 3303; x_wconf 94' lang='lat' dir='ltr'><strong>id</strong></span> <span class='ocrx_word' id='word_1_264' title='bbox 1105 3239 1200 3303; x_wconf 89' lang='lat' dir='ltr'><strong>analo·</strong></span> 
     </span>
     <span class='ocr_line' id='line_1_31' title="bbox 93 3338 1199 3426; baseline -0.001 -22"><span class='ocrx_word' id='word_1_265' title='bbox 93 3341 161 3426; x_wconf 84' lang='lat' dir='ltr'><strong>giae</strong></span> <span class='ocrx_word' id='word_1_266' title='bbox 184 3339 378 3423; x_wconf 83' lang='lat' dir='ltr'><strong>explicandae</strong></span> <span class='ocrx_word' id='word_1_267' title='bbox 401 3360 492 3402; x_wconf 90' lang='lat' dir='ltr'><strong>causa</strong></span> <span class='ocrx_word' id='word_1_268' title='bbox 513 3338 627 3422; x_wconf 84' lang='lat' dir='ltr'><strong>fingere</strong></span> <span class='ocrx_word' id='word_1_269' title='bbox 649 3338 780 3404; x_wconf 90' lang='lat' dir='ltr'><strong>videtur.</strong></span> <span class='ocrx_word' id='word_1_270' title='bbox 825 3341 993 3405; x_wconf 91' lang='lat' dir='ltr'><strong>Accentum</strong></span> <span class='ocrx_word' id='word_1_271' title='bbox 1014 3353 1118 3405; x_wconf 88' lang='lat' dir='ltr'><strong>autem</strong></span> <span class='ocrx_word' id='word_1_272' title='bbox 1137 3340 1199 3404; x_wconf 90' lang='lat' dir='ltr'><strong>huic</strong></span> 
     </span>
     <span class='ocr_line' id='line_1_32' title="bbox 91 3442 1200 3533; baseline 0.002 -26"><span class='ocrx_word' id='word_1_273' title='bbox 91 3442 264 3508; x_wconf 87' lang='lat' dir='ltr'><strong>accusativo</strong></span> <span class='ocrx_word' id='word_1_274' title='bbox 284 3442 411 3506; x_wconf 89' lang='lat' dir='ltr'><strong>reddidit</strong></span> <span class='ocrx_word' id='word_1_275' title='bbox 433 3463 494 3505; x_wconf 95' lang='lat' dir='ltr'><strong>non</strong></span> <span class='ocrx_word' id='word_1_276' title='bbox 523 3461 610 3528; x_wconf 90' lang='lat' dir='ltr'><strong>quem</strong></span> <span class='ocrx_word' id='word_1_277' title='bbox 633 3443 796 3508; x_wconf 91' lang='lat' dir='ltr'><strong>communis</strong></span> <span class='ocrx_word' id='word_1_278' title='bbox 818 3445 1007 3533; x_wconf 87' lang='lat' dir='ltr'><strong>accusativus</strong></span> <span class='ocrx_word' id='word_1_279' title='bbox 1038 3443 1200 3532; x_wconf 79' lang='grc' dir='ltr'><strong><em>μητιέτην</em></strong></span> 
     </span>
     <span class='ocr_line' id='line_1_33' title="bbox 92 3544 1199 3634; baseline 0 -25"><span class='ocrx_word' id='word_1_280' title='bbox 92 3546 199 3622; x_wconf 91' lang='lat' dir='ltr'><strong>habet,</strong></span> <span class='ocrx_word' id='word_1_281' title='bbox 231 3546 284 3608; x_wconf 89' lang='lat' dir='ltr'><strong>sed</strong></span> <span class='ocrx_word' id='word_1_282' title='bbox 313 3566 369 3627; x_wconf 91' lang='lat' dir='ltr'><strong>quo</strong></span> <span class='ocrx_word' id='word_1_283' title='bbox 398 3544 600 3608; x_wconf 89' lang='lat' dir='ltr'><strong>nominativus</strong></span> <span class='ocrx_word' id='word_1_284' title='bbox 627 3545 774 3633; x_wconf 81' lang='grc' dir='ltr'><strong><em>μητίετα</em></strong></span> <span class='ocrx_word' id='word_1_285' title='bbox 803 3548 838 3610; x_wconf 89' lang='lat' dir='ltr'><strong>ab</strong></span> <span class='ocrx_word' id='word_1_286' title='bbox 860 3547 1038 3613; x_wconf 87' lang='lat' dir='ltr'><strong>Aristarcho</strong></span> <span class='ocrx_word' id='word_1_287' title='bbox 1067 3550 1199 3634; x_wconf 82' lang='lat' dir='ltr'><strong>signatus</strong></span> 
     </span>
     <span class='ocr_line' id='line_1_34' title="bbox 92 3644 1199 3739; baseline 0.003 -25"><span class='ocrx_word' id='word_1_288' title='bbox 92 3660 139 3715; x_wconf 92' lang='lat' dir='ltr'><strong>est</strong></span> <span class='ocrx_word' id='word_1_289' title='bbox 160 3672 192 3714; x_wconf 89' lang='lat' dir='ltr'><strong>v.</strong></span> <span class='ocrx_word' id='word_1_290' title='bbox 218 3648 326 3712; x_wconf 88' lang='lat' dir='ltr'><strong>Lehrs.</strong></span> <span class='ocrx_word' id='word_1_291' title='bbox 351 3669 380 3731; x_wconf 91' lang='lat' dir='ltr'><strong>p.</strong></span> <span class='ocrx_word' id='word_1_292' title='bbox 404 3644 479 3713; x_wconf 84' lang='grc'><strong>269.</strong></span> <span class='ocrx_word' id='word_1_293' title='bbox 504 3667 649 3711; x_wconf 89' lang='lat' dir='ltr'><strong>canonem</strong></span> <span class='ocrx_word' id='word_1_294' title='bbox 678 3659 827 3734; x_wconf 89' lang='lat' dir='ltr'><strong>sequutus·</strong></span> <span class='ocrx_word' id='word_1_295' title='bbox 844 3672 902 3734; x_wconf 87' lang='lat' dir='ltr'><strong>quo</strong></span> <span class='ocrx_word' id='word_1_296' title='bbox 925 3651 1054 3716; x_wconf 90' lang='lat' dir='ltr'><strong>edicitur</strong></span> <span class='ocrx_word' id='word_1_297' title='bbox 1076 3647 1199 3739; x_wconf 80' lang='grc' dir='ltr'><strong><em>ὄμοτο-</em></strong></span> 
     </span>
     <span class='ocr_line' id='line_1_35' title="bbox 91 3740 1196 3841; baseline -0.005 -19"><span class='ocrx_word' id='word_1_298' title='bbox 91 3765 166 3822; x_wconf 80' lang='grc' dir='ltr'><strong><em>νεῖν</em></strong></span> <span class='ocrx_word' id='word_1_299' title='bbox 187 3750 249 3826; x_wconf 84' lang='grc' dir='ltr'><strong><em>τοῖς</em></strong></span> <span class='ocrx_word' id='word_1_300' title='bbox 273 3740 477 3838; x_wconf 74' lang='grc' dir='ltr'><strong><em>ὁμοφώνους</em></strong></span> <span class='ocrx_word' id='word_1_301' title='bbox 504 3741 649 3824; x_wconf 83' lang='grc' dir='ltr'><strong><em>πτάοεις</em></strong></span> <span class='ocrx_word' id='word_1_302' title='bbox 667 3750 781 3816; x_wconf 91' lang='lat' dir='ltr'><strong>Anecd.</strong></span> <span class='ocrx_word' id='word_1_303' title='bbox 801 3751 938 3838; x_wconf 73' lang='lat' dir='ltr'><strong>pltat).</strong></span> <span class='ocrx_word' id='word_1_304' title='bbox 963 3776 1009 3839; x_wconf 84' lang='lat' dir='ltr'><strong>sq.</strong></span> <span class='ocrx_word' id='word_1_305' title='bbox 1042 3751 1196 3841; x_wconf 83' lang='grc' dir='ltr'><strong><em>Μητῖετα</em></strong></span> 
     </span>
     <span class='ocr_line' id='line_1_36' title="bbox 91 3850 1197 3946; baseline 0 -24"><span class='ocrx_word' id='word_1_306' title='bbox 91 3879 165 3927; x_wconf 86' lang='lat' dir='ltr'><strong>vero</strong></span> <span class='ocrx_word' id='word_1_307' title='bbox 187 3854 380 3920; x_wconf 84' lang='lat' dir='ltr'><strong>Aristarchus</strong></span> <span class='ocrx_word' id='word_1_308' title='bbox 408 3853 563 3936; x_wconf 91' lang='lat' dir='ltr'><strong>scripsisse</strong></span> <span class='ocrx_word' id='word_1_309' title='bbox 592 3853 711 3919; x_wconf 89' lang='lat' dir='ltr'><strong>videtur</strong></span> <span class='ocrx_word' id='word_1_310' title='bbox 741 3864 776 3917; x_wconf 88' lang='lat' dir='ltr'><strong>ut</strong></span> <span class='ocrx_word' id='word_1_311' title='bbox 805 3854 959 3921; x_wconf 91' lang='lat' dir='ltr'><strong>dilatatum</strong></span> <span class='ocrx_word' id='word_1_312' title='bbox 990 3879 1031 3922; x_wconf 86' lang='lat' dir='ltr'><strong>ex</strong></span> <span class='ocrx_word' id='word_1_313' title='bbox 1059 3850 1197 3946; x_wconf 85' lang='grc' dir='ltr'><strong><em>μητῖτα.</em></strong></span> 
     </span>
     <span class='ocr_line' id='line_1_37' title="bbox 92 3956 1197 4048; baseline 0.002 -24"><span class='ocrx_word' id='word_1_314' title='bbox 92 3959 201 4025; x_wconf 84' lang='lat' dir='ltr'><strong>Cetera</strong></span> <span class='ocrx_word' id='word_1_315' title='bbox 222 3956 337 4027; x_wconf 80' lang='lat' dir='ltr'><strong>aeolica</strong></span> <span class='ocrx_word' id='word_1_316' title='bbox 358 3965 482 4021; x_wconf 90' lang='lat' dir='ltr'><strong>servant</strong></span> <span class='ocrx_word' id='word_1_317' title='bbox 509 3966 612 4019; x_wconf 90' lang='lat' dir='ltr'><strong>tonum</strong></span> <span class='ocrx_word' id='word_1_318' title='bbox 643 3957 864 4034; x_wconf 89' lang='lat' dir='ltr'><strong>communium,</strong></span> <span class='ocrx_word' id='word_1_319' title='bbox 881 3957 906 4032; x_wconf 82' lang='grc' dir='ltr'>ὁ</span> <span class='ocrx_word' id='word_1_320' title='bbox 928 3956 1079 4048; x_wconf 77' lang='grc' dir='ltr'><strong><em>τοξότης,</em></strong></span> <span class='ocrx_word' id='word_1_321' title='bbox 1103 3956 1197 4029; x_wconf 84' lang='grc' dir='ltr'><strong><em>ὁτο-</em></strong></span> 
     </span>
    </p>
   </div>
   <div class='ocr_carea' id='block_1_3' title="bbox 90 4052 1196 4146">
    <p class='ocr_par' dir='ltr' id='par_1_3' title="bbox 90 4052 1196 4146">
     <span class='ocr_line' id='line_1_38' title="bbox 90 4052 1196 4146; baseline 0.005 -18"><span class='ocrx_word' id='word_1_322' title='bbox 90 4053 169 4138; x_wconf 80' lang='grc' dir='ltr'><strong><em>ξότα</em></strong></span> <span class='ocrx_word' id='word_1_323' title='bbox 185 4059 324 4128; x_wconf 86' lang='lat' dir='ltr'><strong>Eustath.</strong></span> <span class='ocrx_word' id='word_1_324' title='bbox 348 4081 379 4144; x_wconf 85' lang='lat' dir='ltr'><strong>p.</strong></span> <span class='ocrx_word' id='word_1_325' title='bbox 404 4057 462 4141; x_wconf 84' lang='lat'><strong>75,</strong></span> <span class='ocrx_word' id='word_1_326' title='bbox 484 4055 539 4124; x_wconf 88' lang='grc'><strong>29.</strong></span> <span class='ocrx_word' id='word_1_327' title='bbox 563 4058 623 4124; x_wconf 91' lang='lat' dir='ltr'><strong>nisi</strong></span> <span class='ocrx_word' id='word_1_328' title='bbox 645 4061 721 4144; x_wconf 87' lang='lat' dir='ltr'><strong>quod</strong></span> <span class='ocrx_word' id='word_1_329' title='bbox 741 4052 861 4136; x_wconf 74' lang='lat' dir='ltr'><strong>occidor</strong></span> <span class='ocrx_word' id='word_1_330' title='bbox 881 4062 1062 4146; x_wconf 89' lang='lat' dir='ltr'><strong>intercedit,</strong></span> <span class='ocrx_word' id='word_1_331' title='bbox 1087 4062 1196 4134; x_wconf 79' lang='grc' dir='ltr'><strong><em>ὁέλα·</em></strong></span> 
     </span>
    </p>
   </div>
   <div class='ocr_carea' id='block_1_4' title="bbox 0 0 1258 4492">
    <p class='ocr_par' dir='ltr' id='par_1_4' title="bbox 0 0 1258 4492">
     <span class='ocr_line' id='line_1_39' title="bbox 0 0 1258 4492; baseline 0 1"><span class='ocrx_word' id='word_1_332' title='bbox 0 0 1258 4492; x_wconf 95' lang='lat' dir='ltr'><strong> </strong></span> 
     </span>
    </p>
   </div>
  </div>
 </body>
</html>
