2506 4492
20 130 24 139 '
98 106 166 223 aro
458 127 778 216 nissnnsnrro
805 151 851 217 11.
952 125 955 131 ”

97 332 144 421 τῷ
164 330 299 400 atatem
327 351 369 395 ex
388 330 502 395 Alcaeo
530 329 682 406 afferunt,
713 351 755 394 ex
775 329 976 415 Aristophane
996 329 1059 398 τὸν
1081 335 1198 401 ἰκτῖνο.

99 435 157 500 Sed
178 435 215 497 de
240 432 478 498 conformatione
506 432 613 496 horum
635 453 758 496 casuum
787 433 820 496 in
848 433 983 498 diversas
1005 435 1120 499 abeunt
1141 457 1199 522 par·

98 549 158 613 tes,
180 535 233 601 atii
254 537 436 600 anadromen
456 545 682 619 praetexentes,
706 535 822 620 qnidam
835 535 1074 619 metaplasmum.
1112 537 1200 602 Choe-

69 639 242 729 ,rotosons
262 639 378 703 Aneod.
402 659 431 722 p.
460 636 554 702 1389.
578 639 607 702 h.
631 635 769 718 κίνδαν,
801 635 970 712 κίνδυνος·
995 635 1088 706 οὕτω
1110 641 1200 707 Σανι·

98 738 151 828 φοί
173 738 321 829 ἔφητὸν
343 738 517 808 κίνδυνον·
546 737 566 806 ὁ
592 740 678 828 γοῦν
698 736 853 814 Ἀλκαῖος
882 739 947 826 τήν
975 738 1117 828 δοτικήν
1142 746 1200 829 ἔφη

96 842 142 931 τῷ
163 835 308 933 κινδύνῳ
338 842 625 929 (εοο10.κι’νοιινι)·
656 839 743 930 αὕτη
771 843 806 910 δὲ
832 841 856 930 ἦ
885 843 1000 932 pettam}
1022 841 1202 934 μετάγεται

96 950 145 1022 εἰς
165 943 332 1027 εὐθεῖαν,
357 969 414 1031 qno
436 947 509 1010 satis
533 946 613 1010 clare
635 946 784 1031 significat
803 949 879 1031 apud
900 948 1039 1012 Lesbiam
1063 949 1202 1033 poetriam

97 1071 172 1127 non,
195 1060 230 1113 ut
250 1049 365 1114 Neuius
396 1060 481 1133 putat
502 1049 622 1133 Fragm.
648 1048 742 1112 CXV.
769 1051 987 1114 nominativum
1010 1045 1073 1135 legi
1096 1048 1203 1139 ‹iaia-

96 1150 161 1220 ονν
182 1153 235 1216 sed
262 1152 429 1236 genitivum
455 1151 517 1218 τοῦ
543 1150 720 1228 κίνδυνος,
744 1154 823 1216 unde
844 1153 987 1216 usitatum
1009 1149 1035 1220 ὁ,
1050 1152 1203 1229 κίνδυνος

97 1255 238 1320 extitisse
259 1265 393 1318 sumunt.
438 1255 484 1319 Dc
507 1256 755 1328 instaurantem
778 1255 930 1319 diversum
954 1254 1105 1336 sentiunt,
1128 1257 1204 1321 hunc

98 1377 200 1421 casum
220 1376 281 1419 non
303 1378 345 1420 ex
366 1358 497 1422 secundo
527 1356 589 1424 τοῦ
613 1361 741 1430 ἰκτῖνος
763 1357 934 1435 reflexum,
965 1379 1065 1442 neque
1088 1359 1204 1423 omnino

98 1455 124 1525 ὁ*
138 1455 226 1525 ἰκτίν
248 1459 391 1523 usitatum
414 1480 499 1536 esse,
523 1463 576 1525 sed
598 1460 802 1525 accusativum
824 1461 1017 1545 metaplasmo
1041 1473 1144 1527 ortum
1168 1483 1205 1525 ex

97 1563 240 1629 ἰκτῖνον.
270 1561 373 1648 Etym.
403 1562 446 1626 M.
471 1584 501 1646 p.
525 1559 607 1639 470,
637 1562 690 1627 35.
715 1558 867 1629 Πλοῖτοιν
899 1557 1205 1685 προπαροξιιτόνας

96 1660 233 1752 As'yet‘
207 1689 250 1740 ως
271 1690 356 1787 pap
342 1659 625 1753 ’Ἀριστοφάνοί
625 1659 752 1732 Ἰκτινοι
772 1657 1094 1753 παντόφθαλμον’
1069 1691 1205 1756 coctave

95 1765 222 1855 τρέφει·
246 1761 288 1834 cti
289 1793 376 1880 γαρ
399 1763 538 1836 ἔστιν’
516 1764 584 1836 arrd
606 1768 667 1855 τῆς
689 1766 778 1835 ἰκτίν
799 1765 956 1849 εὐθείας,
986 1764 1057 1837 οἷλλ
1082 1775 1119 1836 ἐκ
1148 1770 1206 1855 τῆς

96 1864 277 1946 ἰκτῖνοςᾎ
254 1896 295 1956 ης
315 1868 339 1957 ἦ
358 1869 473 1960 γενικη
496 1868 640 1949 ἰκτῖνον,
662 1867 685 1956 ἡ
707 1870 875 1958 αἰτιατική
898 1874 1030 1941 ἴκτονον
1043 1873 1104 1940 καὶ
1122 1871 1204 1940 κοινοὶ

93 1972 346 2061 μοτοινιλασμόν
369 1968 530 2040 ἰκτῖνονε
505 1996 548 2046 τις
570 1969 761 2090 οἶλίτροχαν
772 1971 942 2064 οἶλιτροχα.
979 1973 1034 2044 Ta*
1056 2001 1122 2066 γαρ
1153 1976 1205 2044 tect

94 2076 158 2145 τοῦ
180 2098 252 2150 ινος
273 2066 559 2166 προπαροξύτονα
580 2072 635 2141 0ιοί
657 2076 719 2142 τοῦ
743 2103 755 2142 ι
782 2071 959 2165 γράφεται.
1004 2078 1050 2143 Ac
1073 2081 1205 2164 profecto

96 2181 124 2246 si
153 2182 264 2245 ἰκτινα
292 2199 311 2242 a
337 2179 460 2242 Platone
490 2189 522 2240 et
541 2178 741 2262 Aristophane
772 2182 1007 2264 antepenultima
1034 2194 1144 2257 acuta,
1174 2193 1206 2246 ut

96 2280 290 2347 Grammatiei
311 2282 416 2366 ajunt,
439 2280 668 2366 pronunciatum
691 2293 761 2358 est,
785 2283 899 2346 nullum
923 2285 1035 2348 certius
1066 2283 1206 2369 metapla-

94 2386 153 2451 smi
175 2385 346 2467 exemplum
368 2384 497 2468 proferri
518 2384 647 2468 poterit;
672 2406 741 2446 nam
763 2407 851 2468 quum
874 2386 1021 2469 simplicia
1041 2387 1075 2451 in
1090 2371 1137 2454 ἦ
1156 2410 1207 2452 ex·

96 2489 199 2555 euntia
220 2499 355 2573 oxytona
377 2487 457 2564 sint,
480 2484 592 2568 οἷκτίν,
615 2484 753 2572 δελφίν,
781 2485 899 2573 ἑριιίν,
922 2486 1043 2574 mappic,
1067 2488 1205 2580 ῥηγμίν,

94 2589 232 2678 αταιιίν,
257 2588 437 2675 Σαλαμίν,
465 2591 604 2679 Τολχίν,
633 2588 762 2680 Τραχίν
773 2592 818 2675 ¹⁹)
840 2602 963 2674 apparet
984 2604 1203 2679 proparoxyto·

49 2760 52 2765 ,
93 2716 156 2759 non
177 2694 382 2756 accusativum
404 2693 440 2755 ab
463 2703 599 2777 oxytono
622 2690 640 2758 ὁ
663 2694 751 2763 ἰκτίν
771 2694 838 2758 dulci
861 2716 921 2756 non
939 2716 1037 2777 posse.
1086 2696 1146 2761 Sed
1158 2717 1205 2761 ac·

95 2806 201 2860 centus
224 2795 381 2878 utriusque
402 2792 517 2856 formae
533 2794 730 2858 vehementer
751 2806 854 2858 nntatz
880 2794 899 2861 ri
921 2799 1048 2873 ἴκτινος
1063 2798 1203 2884 Xenoph.

94 2899 180 2984 Hipp.
214 2896 267 2961 lV.
293 2893 345 2958 18.
370 2894 427 2959 Dio
450 2893 536 2959 Cass.
560 2897 643 2959 XLI.
673 2895 727 2960 39.
751 2898 862 2963 Athen.
888 2898 967 2963 Vsst.
992 2891 1069 2964 353ss
1094 2902 1132 2964 D.
1157 2900 1205 2964 uhi

93 3000 265 3065 Dindorfius
288 3002 416 3072 ἰκτῖνος
436 2997 568 3082 scripsit,
592 3000 735 3063 Annaeus
759 2999 834 3064 Gaz.
859 3003 891 3065 in
913 3003 1063 3087 Theophr.
1083 3026 1111 3088 p.
1128 3001 1202 3068 623.

92 3103 129 3166 Τ.
153 3102 223 3165 XII.
253 3102 329 3166 Bihl.
361 3101 448 3185 Bign.
480 3100 566 3167 Phot.
598 3101 675 3168 Bihl.
710 3124 737 3167 e.
762 3103 871 3166 XCIV.
900 3103 973 3169 137.
1008 3105 1143 3191 Hesych.
1175 3127 1200 3169 s.

85 3199 253 3281 Ἔλανος,
278 3206 360 3269 Suid.
385 3206 487 3292 Etym.
512 3205 555 3268 M.
579 3205 670 3269 Drac.
694 3228 724 3290 p.
749 3204 811 3282 53,
835 3204 867 3269 8.
891 3209 944 3281 sed
966 3209 1203 3293 properispome·

92 3330 154 3373 non
178 3317 237 3384 est,
260 3318 294 3371 ut
315 3309 503 3373 Herodianus
520 3308 613 3394 jussit
637 3308 724 3371 Enst.
750 3307 846 3385 1815,
878 3309 930 3374 12.
955 3310 987 3373 in
1009 3311 1143 3374 Herode.
1167 3308 1203 3371 ΙΙ.

92 3411 147 3478 22.
160 3411 287 3476 Aristot.
312 3411 348 3474 de
367 3412 447 3476 Part.
460 3410 603 3476 Ann.Ill.
627 3409 659 3474 7.
684 3435 714 3496 p.
731 3409 807 3488 670,
831 3409 885 3474 34.
910 3412 1002 3494 (unus
1026 3414 1092 3476 cod.
1118 3417 1203 3480 ἰκτῖ-

91 3517 166 3597 νος)
198 3512 304 3576 Galen.
323 3513 411 3598 'Eup
434 3514 472 3578 11.
505 3515 547 3590 2,
575 3512 651 3578 400.
685 3515 831 3607 Priscian.
856 3513 909 3579 Vl.
934 3513 974 3590 5,
998 3514 1075 3581 236.
1101 3516 1202 3600 Etym.

93 3617 171 3683 Gna.
194 3639 223 3700 p.
247 3613 323 3691 274,
350 3615 404 3681 25.
449 3616 579 3702 Hesych.
605 3638 631 3680 s.
656 3612 915 3709 Βοιθνορῥηνιὶλη
939 3628 969 3681 et
992 3613 1151 3695 Στέλλος,
1175 3627 1205 3680 ct

93 3739 306 3805 nonnunquam
339 3720 416 3802 apud
456 3721 575 3784 eosdem
605 3721 769 3805 scriptores
804 3733 963 3806 utrumqne
991 3720 1141 3786 Artemid.
1164 3719 1200 3782 11.

162 3962 206 4027 10)
222 3960 273 4012 Pro
291 3962 338 4011 hoc
356 3961 423 4028 apud
443 3961 579 4013 Herodian.
599 3979 624 4029 p.
646 3965 689 4017 10.
708 3966 798 4030 τριχῖν
822 3964 937 4022 editum,
957 3965 1026 4031 apud
1045 3965 1202 4032 Stephanum

94 4050 193 4114 Tpaptc
210 4056 241 4100 ut
256 4047 365 4102 Herodo.
386 4047 441 4101 Vll.
462 4049 522 4105 tat.
541 4045 616 4118 Ἐχῖν
633 4065 754 4116 graccum
771 4067 820 4103 non
838 4051 952 4103 videtur.
