2506 4492
290 108 352 179 nn
384 110 583 190 neenec,
613 109 818 213 eunucu.
850 115 879 198 ς.
902 113 936 180 ι.
1116 81 1169 183 ἰι

63 291 249 359 8ι1ιιι1ιιιιιι·
266 291 369 359 Melet.
390 313 421 377 p.
438 289 492 358 56.
516 290 612 357 utitur
631 291 671 355 ud
690 294 878 359 excusandos
891 292 1041 379 Euripidis
1060 295 1170 382 sigmu-

61 395 170 461 tismos
199 418 261 460 non
290 395 364 472 illos
387 395 542 460 rhetorum
572 394 753 459 novitiorum
775 397 911 461 acumine
932 397 1087 475 inventos,
1116 399 1170 465 sed

61 499 99 563 uh
128 499 201 584 ipsis
230 508 337 585 poetae
365 498 538 582 aequalibus
565 497 747 582 exagitatos.
792 499 888 583 Atque
910 498 966 565 hoc
988 520 1102 583 quoque
1121 522 1171 578 ur·

61 611 239 688 gmentum
262 611 320 677 est,
345 602 485 687 quasdam
507 600 662 664 literarum
685 602 913 667 consecutiones
928 602 1036 667 hahere
1053 604 1170 687 quidem

61 706 140 791 quod
169 704 352 791 reprehendi
372 705 483 788 possit,
512 703 565 767 sed
588 720 649 766 nnn
672 703 850 788 reprehendi
877 704 984 789 ubique
1010 727 1110 789 neque
1132 706 1169 771 ah

60 808 218 884 omnihus,
235 807 322 892 puio
341 807 515 892 plerumque
537 806 625 871 citius
647 807 908 892 praeterlabuntur
929 823 1015 893 quam
1037 809 1169 873 animad-

60 931 171 976 versae
206 919 289 973 sunt.
335 907 436 993 Itaque
468 909 540 972 mihi
577 929 638 972 non
667 909 825 973 fortuitum
851 911 982 988 videtur,
1012 912 1088 995 quod
1109 912 1170 976 Ilo·

59 1033 162 1078 merus
191 1011 347 1081 πέπνυσο
377 1012 493 1096 quidem
522 1011 594 1077 dicit
623 1023 654 1076 et
681 1008 856 1100 κεχόλωσο,
886 1013 940 1076 sed
968 1016 1082 1092 ἔσσυο,
1108 1035 1170 1079 non

58 1118 182 1181 ἔσσυοο
196 1113 253 1200 ¹⁶).
288 1114 400 1179 Verum
423 1114 647 1202 σισοφιμ-ένος
671 1114 764 1191 illud,
798 1116 875 1197 quod
904 1114 1105 1200 Goettlingius
1132 1117 1169 1182 ad

59 1217 135 1282 Ides.
160 1217 232 1302 Opp.
254 1213 330 1281 649.
362 1217 460 1281 minus
490 1228 573 1282 recte
601 1238 667 1281 cum
697 1216 838 1302 legitimo
851 1219 1067 1305 κεκονιμένος
1089 1242 1169 1284 eom-

57 1330 157 1407 parat,
180 1320 208 1384 si
227 1329 365 1383 veterum
381 1318 647 1384 Grammaticorum
669 1320 776 1403 aliquis
799 1319 935 1404 ecthlipsi
957 1323 1071 1387 aeolica
1091 1333 1170 1387 atte-

59 1434 184 1488 nuatum
207 1422 333 1497 diceret,
356 1421 481 1486 difficilis
506 1423 585 1487 leret
605 1421 762 1503 inhtiati03
790 1423 984 1489 sedeetzae
1007 1425 1055 1489 hie
1069 1445 1168 1491 sermo

59 1532 118 1601 est,
150 1524 287 1606 idemque
314 1524 351 1586 ad
381 1523 457 1610 Lyc.
484 1522 556 1588 187.
580 1519 732 1612 ματεύω,
760 1526 868 1611 inquit,
898 1523 983 1594 κατιὶ
1009 1528 1169 1608 ἔκθλιψιν

58 1619 235 1713 σίολιιιήν,
261 1624 319 1690 etsi
348 1625 422 1690 haee
452 1627 553 1710 potius
580 1639 626 1691 est
652 1628 843 1713 principalior
864 1632 979 1707 torma,
1007 1620 1167 1716 μσσυιύιο

58 1730 179 1795 auctior
205 1739 241 1793 ιιι
267 1723 484 1815 μιιστρσπός,
513 1717 661 1817 Ἅσκρσ,
698 1728 825 1812 δίσκος,
855 1731 998 1806 πὲσιιος,
1027 1723 1166 1817 κόσμος.
1221 1808 1224 1815 Ι

57 1834 231 1916 Eodemque
252 1840 413 1915 praetextu
434 1832 562 1896 fortasse
584 1832 632 1896 usi
653 1845 724 1898 sunt
745 1833 796 1917 qui
824 1832 931 1920 Odyss.
958 1832 1014 1896 XI.
1040 1831 1093 1921 19.
1116 1855 1169 1901 κε·

57 1934 244 2023 κλαμένων
262 1932 403 2016 legerunt
423 1954 455 1998 v.
475 1933 554 1998 Adn.
571 1935 607 1998 ad
621 1935 669 2020 Aj.
687 1958 716 2021 p.
735 1933 809 2002 320.
833 1946 863 1999 et
884 1935 914 1998 id
935 1934 1033 2011 hrevi,
1060 1945 1093 1999 ut
1114 1955 1169 2019 par

59 2049 118 2121 est,
148 2035 404 2119 antepenultimas
442 2057 517 2119 quae
541 2038 685 2122 quemodo
707 2038 739 2101 in
764 2036 887 2125 σοφίζω
918 2038 1039 2122 produci
1061 2037 1167 2122 possit,
1236 2110 1240 2117 ⁸

60 2161 157 2226 neque
180 2137 306 2203 Vossius
329 2138 472 2223 explieat,
497 2160 594 2222 neque
614 2140 663 2224 qui
679 2143 743 2226 ejus
757 2141 937 2206 sententiam
952 2141 1069 2225 sequuti
1083 2149 1165 2205 sunt.

59 2243 195 2327 Denique
218 2240 292 2303 nihil
314 2241 468 2326 quiequam
490 2241 595 2305 alferat
617 2264 737 2319 causae,
761 2266 816 2308 cur
837 2245 983 2308 Hesiodus
1005 2239 1167 2328 κεκασμέ-

59 2369 117 2421 νος
125 2356 169 2417 ,ιι
181 2342 447 2430 πεπυκασμένος
464 2343 629 2421 admiserit,
652 2346 839 2409 recusaverit
852 2357 952 2409 autem
968 2344 1168 2434 σισοφισμέ-

60 2473 128 2524 νος,
160 2449 246 2533 enjus
269 2466 341 2509 usus
368 2466 387 2509 a
414 2446 538 2511 Graecis
568 2467 721 2530 nunquam·
746 2447 939 2511 intermissus
958 2458 1016 2511 est.
1061 2449 1168 2512 Testes

62 2562 129 2616 sunt
151 2550 329 2636 Phoeylides
349 2549 442 2616 Nuth.
464 2549 537 2615 122.
562 2548 712 2611 Plutarch.
737 2547 774 2610 V.
799 2547 874 2611 Luc.
895 2546 977 2610 XLI.
1001 2546 1076 2612 341.
1108 2548 1168 2612 Ga-

62 2653 119 2719 len.
141 2652 280 2738 dellipp.
303 2652 433 2716 etPlat.
452 2650 489 2713 II.
514 2649 546 2728 5,
568 2648 644 2716 245.
670 2647 763 2714 T..V
788 2648 875 2734 Iliog.
896 2650 950 2714 La.
968 2649 1006 2714 V.
1024 2649 1077 2716 90.
1100 2671 1168 2735 par·

63 2755 161 2881 ticipio
188 2753 289 2819 illo
263 2774 330 2819 sune
352 2754 533 2843 dubitatione
555 2752 622 2828 usi,
652 2763 684 2816 et
710 2751 766 2817 hoe
790 2774 851 2817 non
880 2752 980 2817 lenius
1007 2777 1169 2841 νενοσφι-

65 2856 187 2944 σμένος
209 2857 288 2922 ΡΙιι.
306 2856 345 2922 V.
356 2837 465 2941 Pomp
483 2878 511 2920 c.
528 2855 580 2919 IV.
605 2855 726 2921 Prtecc.
745 2854 820 2940 reip.
838 2855 922 2923 XIII.
947 2855 1021 2921 163.
1051 2856 1168 2921 Adver-

63 2959 139 3024 hium
160 2957 365 3034 ισσσσσσίιις
384 2959 492 3023 Pollux
514 2956 594 3022 VIII.
622 2956 675 3020 11.
698 2958 798 3042 rejicit
814 2968 849 3022 ut
870 2952 1023 3044 σκληρόν,
1046 2979 1107 3022 non
1129 2960 1166 3021 oh

10 3022 19 3129 l
65 3061 155 3148 sigma
189 3063 401 3149 trigeminum,
440 3081 507 3124 narn
536 3060 757 3157 adjectivum'
745 3051 936 3133 tonocolmoe
964 3059 1063 3144 paullo
1095 3071 1166 3124 ante

10 3162 13 3233 l
66 3166 246 3249 approbavit,
269 3165 322 3229 sed
344 3164 381 3228 oh
403 3162 491 3227 aliam
513 3163 656 3247 quandam
679 3163 825 3226 rationem
840 3163 1065 3227 abstrusiorem.
1103 3161 1166 3226 nu-

66 3265 131 3377 plpx
159 3291 202 3334 σσ
231 3264 409 3332 consonanti
429 3266 607 3330 antecedere
640 3274 731 3349 negat
757 3264 932 3329 Eustathius
960 3261 1085 3349 p.880,
1111 3262 1164 3328 19.

11 3344 16 3425 1
68 3350 184 3455 mhtqne
198 3390 318 3434 eausam
331 3390 412 3445 esse,
430 3389 484 3432 cur
497 3358 643 3458 κάσχεθε
659 3367 809 3432 scrihatur
825 3377 857 3430 et
868 3359 1044 3455 δυσιηνσς
1069 3387 1165 3452 neque

14 3518 19 3537 .
68 3489 121 3535 non
149 3483 269 3537 constat
295 3466 505 3562 πρόςσχισμυ
528 3470 653 3537 Aristot.
679 3467 778 3532 Prohl.
801 3467 888 3532 XIX.
914 3468 967 3535 18.
989 3462 1166 3559 moocopoio

15 3564 21 3655 'p
68 3574 185 3637 v.Adn.
209 3575 247 3639 ad
267 3574 383 3662 Phr-yn.
404 3598 434 3661 p.
460 3573 535 3640 673.
567 3573 720 3637 Schaefer.
744 3572 781 3635 ad
801 3570 912 3638 Iulian.
936 3573 1034 3638 Praef.
1060 3570 1163 3636 XXII.
1227 3638 1230 3643 ,

16 3662 21 3825 p
70 3670 158 3762 Poppn
178 3677 216 3741 ad
238 3675 333 3743 Thus.
349 3675 406 3745 IV.
430 3676 483 3756 11,
513 3677 545 3743 3.
577 3675 761 3763 δυσιομεῑν
786 3696 819 3739 ι.
843 3676 1008 3741 llermann.
1038 3676 1075 3739 nd
1093 3673 1165 3740 Oed.

69 3823 269 3844 —u———n

125 3914 173 3983 16)
187 3914 372 3986 Inopes-atinum
387 3918 485 3976 ’ἵστασο
503 3914 533 3972 Il.
550 3913 597 3999 X.
607 3918 671 3977 291.
693 3914 861 3973 Aristarchus
877 3920 958 3975 ‘lom
983 3914 1100 3983 scripsit3
1130 3913 1165 3966 de

10 4059 11 4069 ,
72 3993 151 4059 loono
168 4004 200 4056 Il.
214 4004 263 4057 XI.
279 4004 340 4060 tlt.
359 4005 422 4081 XX.
442 4005 504 4062 tet.
521 4005 587 4059 nihil
602 4006 752 4059 adnotatur.

96 4084 198 4144 dohech.
217 4091 342 4162 Paruh'p.
932 4079 955 4147 2

160 4428 165 4445 .
234 4330 276 4443 ν’
