2506 4492
106 118 175 257 111
455 172 775 243 utssult'rauto
803 175 851 243 11.

108 354 184 435 126,
207 355 261 421 18.
290 352 333 423 τοί
355 357 403 429 sle
416 336 459 441 'ap‘
472 348 717 443 μονοσύλλαβα
743 348 908 435 ὀξένέται,
937 347 1033 440 κνοίψ
1055 348 1076 420 ὅ
1097 345 1207 435 δειλός,

109 455 192 547 μαήι
214 451 333 544 ὅρνεόν
354 481 404 538 τι,
433 479 507 542 quae
537 457 564 522 si
591 459 669 521 forte
699 457 809 520 omissa
831 468 913 520 esset
933 457 1115 541 designatio,
1146 457 1207 540 puid
1246 460 1249 511 ἱ

110 571 172 642 tam
200 561 267 624 veri
294 560 390 624 simile
414 560 579 636 videretur,
610 580 696 643 quam
717 555 798 645 μοίψ
820 558 893 621 illud
914 558 1010 642 ipsum
1033 579 1116 634 esse,
1139 558 1207 642 quod

110 661 217 725 Strabo
247 660 326 725 Vlll.
357 660 432 725 354.
470 662 552 726 inter
585 682 730 744 apocopae
761 660 898 744 exempla
926 659 1078 739 homerica
1106 661 1206 740 refert,

109 762 328 827 Grammaticos
360 776 503 848 sequutus
538 765 587 848 qni
617 755 697 848 μοίψ
729 783 746 825 e
774 760 945 848 μαψίδιον
980 762 1058 826 sicut
1091 756 1145 850 οἴη
1172 782 1208 826 ex

32 914 49 945 ,
107 860 213 933 ὀπίσω
244 866 382 930 extitisse
410 867 605 930 affirmarunt.
663 865 747 928 Adeo
781 865 894 928 lubrica
925 875 971 928 est
998 864 1208 928 vocabulorum

106 968 175 1034 sine
197 968 444 1052 interpretatione
467 968 643 1031 traditorum
665 966 816 1030 tractatio.
862 964 986 1029 Interim
1008 965 1036 1028 si
1060 970 1208 1052 coniectu·

65 1112 69 1119 -
105 1092 170 1135 ram
192 1070 355 1156 perichtari
377 1069 461 1146 libet,
486 1066 577 1157 δροίψ
601 1090 618 1133 e
640 1060 780 1157 dociacus
800 1069 864 1133 sive
888 1066 1055 1154 δραπέτης
1079 1078 1214 1134 coactum.

108 1193 233 1256 cumque
262 1165 424 1258 Δροίπτης
452 1167 576 1258 αἷλὴτης
605 1170 736 1257 Hesych.
768 1180 926 1256 cognatum
953 1170 1093 1246 videtur,
1123 1164 1208 1258 ηρέψ

105 1274 234 1338 fortasse
244 1273 322 1337 idem
334 1285 381 1338 est
391 1274 466 1359 quod
475 1270 598 1362 ηραπίς
607 1274 807 1336 membranam
822 1273 886 1337 sive
899 1272 1027 1336 exuvias
1039 1282 1209 1357 serpentum

104 1375 293 1460 significans,
315 1398 388 1460 quae
411 1399 499 1460 quum
523 1396 631 1439 nomen
654 1375 781 1439 habeant
800 1375 906 1464 γῆρας
926 1385 958 1439 et
972 1385 1111 1450 senecta,
1133 1396 1209 1463 ηρα-

105 1476 165 1551 πίς
186 1478 259 1541 illud
281 1479 456 1542 crediderim
478 1479 552 1542 nihil
574 1478 653 1541 aliud
675 1498 742 1541 csse
771 1500 857 1563 quarn
878 1477 1002 1565 γραῦς,
1032 1487 1068 1540 ut
1091 1488 1209 1542 vocatur

100 1578 270 1668 ’ἐπίπαγος
292 1580 357 1645 sive
380 1603 490 1666 rugosa
511 1580 598 1645 lactis
620 1579 775 1663 mellisque
802 1590 915 1654 crusta,
943 1599 1019 1662 quae
1042 1591 1075 1644 et
1096 1577 1209 1670 ηρααίο

107 1683 164 1746 dici
187 1693 286 1767 potest
305 1683 335 1746 id
358 1695 406 1747 est
427 1684 555 1748 anicula.
600 1678 688 1769 Λιίην
703 1682 875 1745 Eustathius
897 1703 926 1766 p.
942 1679 1017 1758 898,
1035 1681 1069 1747 9.
1094 1684 1127 1747 in
1142 1679 1209 1750 lci-

102 1785 174 1873 λαψ
196 1806 316 1849 versum
338 1785 410 1849 dicit
430 1786 611 1869 reduplicata
633 1782 747 1867 syllaba
769 1794 803 1846 ut
824 1781 993 1869 παιπάλη,
1012 1780 1207 1872 παιφοίσσα.

103 1885 135 1951 ld
157 1909 230 1951 vero
250 1908 360 1951 nomen
383 1887 409 1950 si
431 1887 496 1969 quis
516 1907 535 1949 a
551 1885 758 1949 Grammaticis
774 1885 983 1970 originationis
996 1887 1097 1970 gratia
1112 1889 1208 1952 lictum

104 1998 201 2076 putat,
225 1988 304 2051 aliud
327 1988 381 2050 sub
403 2008 493 2051 manu
516 1997 563 2051 est
584 1986 761 2066 consilium3
795 2008 864 2050 nam
886 1999 921 2052 nt
941 1988 1020 2052 delta
1043 1999 1076 2052 et
1097 1990 1208 2054 taneta

102 2100 311 2175 permutantur
332 2088 364 2151 in
386 2084 510 2174 δάφνη,
532 2082 655 2174 λιίφνη,
678 2088 793 2164 laurus,
819 2088 946 2167 δεῦκος,
968 2091 1079 2155 omisso
1094 2112 1207 2177 gamma

101 2212 155 2275 pro
181 2189 332 2278 γλαῦκος,
359 2182 548 2269 Ὀλνσσειίς,
577 2190 683 2276 adeps,
714 2191 757 2254 ita
778 2193 855 2256 sumi
877 2203 993 2276 potest,
1026 2195 1206 2257 tarentinum

100 2285 256 2379 hripense
273 2291 501 2379 latinumdops‚
525 2314 664 2378 graecum
679 2291 764 2374 δαίς,
785 2294 990 2379 adjectivaqne
1014 2290 1158 2382 δαψιλής
1178 2306 1207 2360 et

100 2388 302 2481 ἀμφιλαφής
324 2406 355 2459 et
377 2396 458 2459 inter
479 2416 513 2461 se
536 2406 654 2461 etcum
676 2395 737 2460 illis
759 2397 879 2460 vinculo
907 2398 1030 2481 quodam
1055 2399 1207 2482 cognatio·

100 2495 148 2562 nis
171 2498 331 2562 contineri.
374 2495 566 2586 Κνοίψ-ἠσο
587 2499 720 2583 redigam
743 2499 864 2578 nescio;
897 2500 953 2562 nisi
984 2501 1063 2562 lorte
1089 2500 1207 2584 scripsit

98 2592 192 2688 ηντίψ
220 2610 406 2664 contractum
438 2623 479 2664 ex
508 2597 677 2688 ηκσίπεσος
704 2601 769 2665 sive
795 2595 937 2688 ηνύπαν
967 2612 999 2664 ut
1026 2597 1125 2685 κνώψ
1154 2624 1206 2689 pro

98 2698 300 2767 cccccccccc
349 2700 453 2784 Neque
490 2704 637 2786 discrepat
671 2702 868 2787 significatio;
906 2698 1071 2790 ηνύπετοι
1104 2701 1205 2772 δειλοί

98 2802 214 2867 Anecd.
238 2800 334 2864 Bekk.
358 2823 387 2884 p.
406 2800 481 2883 233,
505 2802 573 2868 10..

184 2903 219 2967 ln
233 2888 305 2991 αἶψ
327 2902 441 2966 nullum
464 2925 573 2968 nomen
595 2904 751 2968 terminari
779 2905 930 2990 colligitur
959 2928 1000 2972 ex
1022 2907 1206 2995 Theognosti

100 3006 201 3071 versis
222 3005 336 3070 aleae.
362 3004 461 3068 eram.
482 3004 525 3103 p.
550 3007 623 3071 135.
651 3007 746 3070 neu.
770 3031 801 3093 p.
817 3008 911 3073 1418.
935 3008 977 3078 ιι
1001 3014 1048 3086 ας
1067 2998 1118 3100 {p
1138 3038 1204 3099 μο-

98 3104 294 3197 νοσύλλαβα
317 3105 371 3175 deci
393 3107 456 3175 τοὺ
478 3134 493 3174 a
514 3103 695 3197 γράφεται·
729 3113 799 3176 ἔστι
820 3109 883 3199 ηαίρ
905 3111 944 3178 τὸ
965 3113 1050 3202 clip
1074 3113 1204 3202 ὃὸηλοῑ

98 3207 160 3277 τὸν
181 3210 337 3296 κλέπτην,
365 3210 423 3276 καί
449 3207 488 3276 τὸ
518 3213 608 3300 φλέψ
640 3212 695 3278 καὶ
716 3210 755 3279 τέ
779 3214 883 3296 σκέψ,
911 3236 1037 3296 quorum
1065 3217 1202 3281 ultimum
1246 3236 1249 3271 ῑ

99 3333 141 3376 ex
162 3312 308 3376 Hesiodeo
331 3313 397 3376 loco
419 3318 454 3379 οἳ
477 3315 581 3381 σκέπα
603 3309 787 3400 μαιόμενοι
808 3315 976 3379 derivatum
998 3338 1066 3382 esse
1088 3340 1125 3385 eo
1138 3341 1204 3384 cre·

76 3414 218 3489 ¹dibilius
238 3414 369 3491 videtur,
400 3417 476 3499 quod
498 3417 642 3480 Proculus
665 3417 721 3482 hoc
745 3418 851 3484 σκέπα
874 3439 915 3481 ex
937 3418 1121 3506 σκέπασμα
1148 3421 1203 3485 in-

98 3517 252 3581 minutum
275 3527 369 3600 putot,
399 3519 434 3581 ab
464 3518 532 3582 aliis
553 3518 586 3581 in
608 3541 733 3583 numero
756 3520 995 3603 metaplastorum
1019 3520 1148 3586 relatum
1169 3510 1204 3586 ut'

98 3615 200 3708 φύηα,
228 3613 330 3704 κρόκα
353 3619 453 3683 Schol.
478 3620 514 3684 ll.
540 3621 618 3685 Vlll.
645 3620 718 3687 157.
741 3621 879 3685 Eustath.
906 3619 1000 3696 1080,
1026 3618 1079 3687 17.
1125 3620 1203 3688 Huic*

95 3722 292 3809 praemissum
313 3720 398 3810 κλέψ
421 3733 452 3787 et
472 3723 607 3788 Zonaras
631 3723 664 3786 in
686 3723 818 3787 ordinem
841 3724 954 3807 recepit
974 3746 1003 3808 p.
1025 3725 1120 3792 1217.
1145 3748 1203 3792 nco·

96 3825 297 3910 praetermisit
326 3823 515 3908 Phrynichus
544 3830 618 3911 App.
649 3848 688 3910 p.·
705 3824 763 3900 11,
795 3825 848 3888 31.
878 3820 988 3912 cleptat
1014 3812 1110 3914 παραὶ
1140 3827 1200 3895 τόν

94 3928 265 4013 μέλλοντα
287 3921 330 4000 cie
351 3920 463 4012 σ’ίρπαξ
484 3925 568 4013 κλέψ
591 3926 645 3994 καί
666 3922 819 4015 βούκλειμ
842 3928 898 3994 καὶ
918 3929 972 4004 τέξ
995 3931 1052 3997 καί
1074 3929 1196 4007 ἐπίτεξ,

95 4051 170 4114 quae
193 4043 306 4096 tantum
334 4030 419 4094 abest
446 4039 480 4091 ut
507 4030 779 4116 monosyllabornm
808 4032 934 4096 istorum
957 4055 1044 4099 usum
1067 4056 1200 4119 compro·
