2506 4492
110 198 182 267 aaa
262 283 268 291 Ι
456 184 857 258 orssnnunrto‘rv.

111 375 304 466 pronunciari
325 383 424 460 potest
443 383 565 459 propter
584 383 738 459 poetarum
758 370 908 436 licentiam
928 368 1071 435 hrcviom
1093 369 1217 435 dilatan-

109 482 186 546 tium
216 489 248 543 ct
274 477 382 542 latiora
413 476 623 541 coartantium.
674 474 849 541 Numinibus
880 473 1008 559 propriis
1040 473 1217 538 Eustathius

111 585 135 648 l.
160 604 187 646 c.
212 582 301 645 etad
322 580 412 645 Dion.
435 602 468 645 v.
494 578 568 645 152.
592 578 673 643 addit
693 578 868 664 appellativa
889 567 1051 663 ἐρήμεια,
1084 568 1216 666 χύνεια,

110 679 249 759 cudero,
280 704 405 768 quorum
436 683 493 749 duo
523 682 624 766 priora
654 681 740 746 hodie
769 703 831 759 nou
857 680 1011 766 leguntur.
1057 678 1124 744 Nec
1146 680 1216 743 satis

112 787 271 873 explorata
291 797 381 862 sunt,
405 806 481 871 quae
502 784 670 872 Hesychius
698 783 783 848 affert
812 779 924 852 Ἐλεία
943 779 967 869 ἢ
986 783 1046 850 ἔλα
1073 779 1097 868 η“
1120 779 1217 869 αύγή,

118 883 285 976 Τρνφύλη
317 886 341 975 ἦ
369 880 575 976 τρυφάλεια,
605 898 650 971 et⁴
665 885 773 948 Suidae
800 882 915 973 χέρεια
947 885 1216 968 interpretamento

111 992 305 1069 destitutum,
336 992 412 1077 quod
434 991 541 1055 Portus
562 1005 615 1069 pro
636 979 723 1073 χαρύ
750 989 876 1069 positum
898 995 1000 1068 putat3
1035 1005 1071 1048 ac
1089 987 1214 1072 Phryni-

112 1093 185 1158 chus
207 1115 268 1156 non
290 1094 326 1157 de
348 1090 533 1159 substantivo
561 1087 690 1174 τημέλη
718 1088 799 1173 loqui
827 1090 948 1154 videtur
976 1089 1031 1152 sed
1060 1089 1097 1152 de
1125 1088 1216 1152 verho

110 1196 282 1283 τημελεῖν.
327 1194 439 1258 Verum
472 1192 637 1256 succedunt
672 1191 787 1256 vicaria
820 1186 983 1281 γαλήνεια
1009 1191 1147 1276 Euripidi
1169 1193 1230 1255 ad!

110 1310 252 1370 amatum,
275 1286 440 1379 φολύιιεια
462 1293 555 1359 Poeta
576 1296 612 1359 dc
634 1294 726 1359 Herh.
750 1317 781 1358 v.
808 1293 880 1358 181.
904 1289 1010 1362 θύεια
1031 1307 1105 1362 tono
1127 1295 1215 1360 attico

110 1423 142 1466 v.
168 1402 204 1464 ad
225 1398 337 1484 Phryn.
362 1417 393 1481 p.
418 1394 491 1460 165.
516 1407 547 1460 et
575 1418 594 1461 a
620 1396 753 1471 πένθος
775 1397 943 1484 Aeschylus
970 1397 1122 1471 πένθεια
1145 1419 1216 1481 pro·

109 1502 241 1590 pagavit,
268 1498 316 1563 cui
339 1499 503 1584 comparari
524 1510 649 1582 possunt
671 1499 823 1565 homerica
847 1498 991 1590 ἐλεγχείη
1009 1511 1041 1565 ct
1063 1497 1216 1585 ὀνειύεέη,

110 1606 137 1669 si
158 1626 176 1668 a
197 1602 313 1667 neutris
334 1603 477 1691 ἔλεγχος,
502 1595 630 1677 ὄνειδος
653 1604 740 1668 ducta
761 1624 858 1687 neque
880 1604 1028 1689 adjectiva
1051 1615 1142 1679 sunt3
1166 1604 1216 1667 sed

87 1703 260 1792 ‘dcsdpst'oc
282 1726 335 1790 pro
362 1702 481 1790 ἐνέδρα
499 1704 613 1769 Anecd.
637 1705 729 1791 ρ.95.
754 1707 790 1783 ah
820 1702 979 1793 ἐνεδρεύω
1006 1708 1213 1791 repetendum.

109 1808 219 1873 Eadem
232 1807 310 1872 ratio
323 1828 489 1893 paragogac
509 1807 739 1894 adjectivorum,
762 1808 810 1872 cui
825 1808 928 1873 itidem
941 1820 975 1873 ut
988 1809 1051 1874 illis
1068 1809 1215 1895 siguifica-

109 1912 200 1978 tiunis
215 1911 370 1975 inclinatio
384 1913 523 1996 adjuncta
550 1921 598 1975 est
619 1911 706 1975 modu
728 1911 822 1987 nulla,
846 1914 933 1976 modo
949 1912 1116 1999 pertenuis,
1130 1912 1216 1974 modo

109 2013 350 2090 evidentissima3
379 2014 457 2096 quud
483 2013 534 2078 vel
560 2013 621 2077 illis
650 2013 796 2098 exemplis
818 2016 978 2099 prohatur,
1012 2036 1086 2099 quae
1109 2015 1213 2099 Etym.

66 2192 75 2207 .
109 2119 151 2182 hl.
172 2115 245 2193 429,
268 2113 321 2178 53.
345 2115 495 2198 proponit,
517 2111 741 2200 οἷβελτέρειος,
765 2123 937 2202 έταιρεῑος,
958 2098 1213 2204 η’μετέρεῖοςῃ).

109 2218 228 2282 Etenim
250 2217 413 2278 secuudum
443 2217 525 2297 (nam
557 2218 594 2280 de
623 2217 718 2301 primo
747 2218 823 2282 nihil
856 2220 977 2284 decerni
999 2227 1111 2304 potest)
1141 2219 1215 2302 quod

110 2319 296 2384 Herodianus
317 2316 403 2381 Eust.
417 2317 614 2402 p.1930‚33.
638 2323 898 2407 proparoxytonds
920 2321 1037 2398 scribit,
1060 2319 1097 2384 ab
1124 2327 1215 2385 ἑταῖ-

109 2446 166 2512 ρος
191 2444 251 2486 ncn
273 2420 372 2484 minus
394 2420 483 2506 longe
505 2423 607 2500 distat,
631 2445 716 2508 quam
738 2418 895 2500 νόθειος,
918 2425 1118 2511 μεναλεῑος,
1141 2415 1216 2488 dod·

85 2528 207 2606 .λειος,
229 2547 247 2589 a
268 2514 375 2596 νόθος
400 2533 459 2587 eto.
484 2525 606 2588 tertium
634 2536 800 2592 nostratem
827 2524 926 2612 potius
948 2527 1100 2612 significat
1127 2548 1211 2610 quam

110 2641 245 2694 nostrum
271 2626 448 2690 Anaxandr.
480 2626 552 2690 Ath.
581 2627 763 2693 x111.570.
795 2630 833 2693 E
857 2630 983 2714 ideoque
1009 2631 1213 2714 possessivum

107 2731 170 2798 τού
190 2727 353 2816 ἡμέτερος
380 2728 602 2815 dicitunEtym
626 2731 648 2794 l.
673 2752 700 2796 c.
725 2743 757 2795 et
777 2732 914 2796 Eustath
928 2753 957 2817 p.
977 2729 1072 2807 1468,
1096 2730 1151 2796 29.
1176 2730 1214 2798 τύ

47 2841 53 2847 “
108 2824 424 2957 ιιοανοπρύρειοςη
454 2827 540 2897 κατα
573 2832 856 2959 μλεονασμύν
814 2854 857 2927 τη
884 2861 914 2902 ει
940 2826 1214 2923 παραλήηεταιῆ

109 2936 153 3011 oio
174 2931 329 3022 ιιτητιιιύν
349 2929 471 3021 ὅμοιον
492 2931 538 3021 τῷ
560 2930 763 3022 ημετέρειος,
787 2941 864 3023 quod
879 2949 1022 3023 praestat.
1069 2939 1129 3001 Sed
1151 2963 1212 3025 φα-

108 3032 194 3113 τειός
215 3061 233 3103 a
255 3033 360 3125 φατύς
382 3036 446 3101 sola
472 3036 570 3120 specie
593 3038 791 3137 discrepat,
791 3051 822 3103 et
843 3063 918 3125 quae
940 3041 1040 3125 Etym.
1066 3039 1157 3103 Guid.
1180 3064 1210 3126 p.

111 3141 206 3217 1222,
229 3139 283 3206 28.
308 3140 409 3204 affert.
434 3164 475 3205 τα
496 3133 564 3206 circo*
586 3138 655 3205 τῶν
674 3144 721 3214 εἰς
743 3165 780 3215 ος
803 3139 857 3209 dccl
878 3143 940 3209 τού
963 3166 1012 3216 roc
1040 3141 1128 3209 κατοῖ
1150 3143 1212 3209 τού

110 3241 217 3314 αύτού
216 3240 498 3364 σημαινομένου
517 3241 728 3329 προηγμένα,
750 3269 779 3310 ει
771 3247 866 3330 ’μὲν
889 3240 1052 3326 ὀξύνεται,
1078 3242 1132 3311 dccl
1152 3270 1212 3331 της

109 3376 140 3415 ει
159 3369 334 3436 νραφεται,
356 3335 518 3432 θαμειύς,
543 3340 726 3432 α’ύελφειός·
753 3375 782 3415 ει
774 3347 833 3416 ’δὲ
852 3341 1052 3438 βαρύνεται,
1076 3347 1132 3416 dccl
1149 3349 1212 3416 τού

111 3479 142 3532 ι,
159 3442 312 3539 ιιύπριος,
336 3443 467 3538 ὄρθιος,
495 3445 659 3528 λοιοθιος,
681 3443 848 3527 Αιτύλιος
871 3455 911 3518 ci.
933 3453 1034 3518 ttoesii
1055 3453 1154 3518 Excc.
1181 3475 1209 3537 p.

176 3726 221 3792 22)
237 3724 365 3777 Arcadius
383 3742 408 3790 p.
427 3728 471 3790 45,
489 3730 515 3781 4.
535 3725 570 3782 rol
587 3732 835 3798 προπεριοποιμένα
847 3725 905 3785 doc*
923 3726 979 3784 τῶν
994 3718 1097 3797 ὅμῆροιι
1115 3726 1213 3793 λέξεων

109 3809 256 3884 alpadum
275 3800 363 3865 ταύτύ
383 3805 442 3874 aior,
459 3815 632 3881 πρυτανεῖον,
648 3815 794 3884 ἑταιρεῖαι,
813 3819 976 3886 γυναικεῖον,
994 3810 1120 3870 οἷκατεῗοι
1134 3817 1210 3884 (fort.

107 3894 264 3964 Ἕκατεῒοι).
301 3896 330 3949 ln
353 3912 448 3949 οιιιοιιο
466 3899 552 3968 Etym.
574 3900 640 3953 Gud.
666 3903 733 3964 383,
760 3906 801 3961 52.
822 3921 872 3971 quo
895 3904 983 3955 eadem
1012 3901 1069 3954 lere
1092 3906 1212 3971 exempla

111 3986 284 4044 continentur,
303 3985 396 4037 omissa
413 3991 474 4036 sunt
490 3987 571 4038 verha
587 3983 642 4040 αἰπύ
655 3985 710 4042 τῶν
721 3985 770 4058 ύμ.
788 3988 841 4052 λιξ.
867 4005 932 4057 quae
952 3989 1087 4041 intellectu
1106 4000 1210 4051 carent,

109 4069 198 4122 addita
215 4086 278 4123 vero
295 4070 441 4122 neccssaria
457 4070 545 4122 cautio
560 4070 599 4140 μή
616 4075 874 4145 conclamantem
890 4072 1025 4146 σώματος.

691 4274 727 4351 ,ι
797 4280 800 4285 ,
