2506 4492
302 209 362 280 nn
391 212 590 279 inance.
619 212 821 281 nornen.
851 217 880 301 ς.
904 217 937 283 a.
1131 224 1176 293 m

431 321 438 358 .

70 382 170 480 πήρα
193 401 226 457 et
244 387 331 482 χήρα
350 392 560 469 retinuerunt,
588 415 649 458 non
671 404 753 459 certe
773 395 859 480 alpha
881 395 991 482 duplex
1013 400 1176 486 fugientes,

71 496 155 583 quod
177 494 208 559 in
230 486 482 563 διιακδκασδαι
501 494 590 559 Pind.
613 496 701 561 Nem.
725 496 763 561 V.
786 497 840 562 60.
862 492 1020 569 Ἁδακδα
1042 516 1072 569 et
1093 502 1180 575 α’λα-

70 589 162 665 κιῖκα
184 598 312 663 Theoer.
336 598 480 662 XXVIII.
509 610 543 663 et
561 600 593 662 in
616 601 820 663 communibus
841 596 1043 689 δρμδμαξα,
1071 602 1179 697 derey-

70 691 182 775 κδαας
197 700 274 765 Plat.
290 700 385 787 Gorg.
401 723 431 785 p.
446 700 523 765 447.
539 700 579 765 Α.
596 700 704 765 Galen.
719 702 752 765 in
768 702 890 767 Prorrh.
908 704 931 767 l.
950 705 1024 771 547.
1039 708 1074 771 Τ.
1089 712 1176 778 XVI.

73 814 183 889 quater
201 803 346 879 iteratur,
376 802 477 867 teria
498 796 636 879 Δακδα,
658 801 823 890 Κραιαδ,
849 800 976 893 δγλαδ,
1006 832 1079 893 quae
1101 816 1177 897 apud

71 904 218 991 'l'ragieos
240 907 401 991 leguntur,
427 919 459 971 et
478 907 510 970 in
533 907 692 971 homericis
714 899 884 992 ἠλάκατα,
910 902 1100 980 δεδάασθαι
1115 918 1176 1001 ²⁰).

68 1008 159 1089 Quae
180 1030 271 1093 quum
293 1010 337 1073 ita
358 1010 438 1085 sint,
467 1008 542 1073 nihil
564 1008 677 1071 utimur
697 1010 855 1075 Theodosii
876 1012 1039 1077 suhn'litate
1061 1014 1176 1081 Aneed.

69 1133 104 1197 p.
123 1108 218 1189 1046,
233 1110 267 1178 6.
290 1116 324 1179 ol
332 1104 452 1185 Ἴωνες
471 1111 619 1190 τιθέασι,
640 1104 779 1192 διδόασι,
801 1106 1017 1201 ζεινγκδασικ·
1039 1116 1095 1183 ἐπὶ
1111 1116 1177 1206 γδρ

69 1209 137 1303 τῆς
162 1212 319 1299 δευτέρας
347 1210 459 1281 οὐκέτι
486 1214 588 1281 τοῦτο
618 1216 755 1281 ποιοῦσι
782 1213 837 1282 διδ
864 1214 929 1303 κήκ
957 1218 1177 1306 κακοφωνίακ

68 1316 137 1385 τοῦ
162 1310 314 1397 taedeat,
346 1317 431 1402 eujus
456 1317 503 1381 rei
529 1316 619 1403 longe
646 1317 704 1381 alla
731 1329 779 1382 est
804 1320 895 1383 ratio.
940 1320 1044 1403 Neque
1070 1344 1177 1387 verum

68 1419 211 1497 videtur,
242 1420 318 1503 quod
340 1418 504 1505 Gregorius
532 1441 562 1503 p.
586 1418 660 1485 590.
689 1420 793 1507 Etym.
820 1420 864 1485 hl.
891 1419 972 1499 576,
996 1424 1029 1489 2.
1059 1426 1174 1491 Aneed.

69 1545 101 1611 p.
123 1519 222 1587 1182.
244 1520 410 1597 affirmant,
432 1520 561 1598 Aeoles,
584 1544 673 1605 quum
693 1514 826 1604 αδλαις,
847 1522 980 1609 adduae,
1006 1518 1112 1601 Θόαις
1133 1529 1177 1591 di-

70 1634 193 1701 eerent,
216 1644 325 1689 numen
346 1624 438 1697 Αἴας
457 1622 593 1721 41111161)
614 1623 836 1688 similitudinem
858 1647 919 1690 noa
940 1647 1100 1693 revocasse
1122 1626 1178 1698 διδ

69 1726 138 1817 κηίι
162 1724 369 1813 {wallatiae
394 1726 456 1814 τῆς
480 1750 527 1793 αι.
571 1726 654 1789 llaee
681 1737 763 1789 uerte
785 1727 947 1791 Homerum
974 1751 1035 1792 non
1061 1734 1177 1797 abster.

67 1832 155 1907 ruit,
187 1830 346 1917 quominus
370 1827 476 1915 Adule]
503 1828 692 1904 admitteret,
724 1828 811 1912 idque
833 1829 1003 1893 Demetrius
1032 1832 1068 1893 de
1089 1833 1176 1897 Eloe.

70 1958 102 2001 e.
127 1932 181 1999 69.
210 1942 328 2001 tantam
353 1932 439 1997 otest
463 1942 499 1997 ut
526 1933 693 2014 vituperet,
725 1942 759 1995 ut
786 1930 859 1996 haee
888 1924 1086 2019 σδγκρουαις
1108 1934 1179 2003 τῶν

69 2026 272 2125 διφδδγγωκ
292 2036 322 2099 ei
341 2032 576 2123 μουσικωτέρα
597 2032 746 2097 videatur.
779 2034 921 2119 Adeoque
941 2046 990 2099 ter
1009 2038 1112 2101 eadem
1134 2039 1179 2102 di·

34 2215 37 2220 ,
69 2140 244 2227 phthongus
268 2138 397 2223 repetita
419 2148 466 2201 est
492 2137 524 2200 in
545 2148 706 2222 μιαιαῖαι
725 2136 837 2201 Athen.
862 2137 913 2201 lll.
937 2136 991 2202 89.
1015 2138 1052 2202 Α.
1085 2163 1177 2225 quan.

71 2262 161 2329 ριιιιιιι
182 2240 272 2327 hujus
292 2239 441 2325 seriptum
461 2240 560 2303 variat
578 2261 611 2303 v.
629 2239 708 2301 Adn.
731 2240 767 2303 ed
787 2238 900 2325 Phryn.
924 2262 954 2324 p.
974 2239 1048 2304 553.
1072 2268 1180 2328 μναι-

71 2358 151 2419 etue
172 2343 319 2435 Porphyr.
342 2343 375 2406 in
396 2340 522 2407 Ptolem.
543 2341 645 2409 llarm.
666 2340 745 2405 VIII.
767 2340 842 2407 293.
867 2363 921 2425 pro
942 2364 999 2425 quo
1018 2344 1179 2413 Wallisius

69 2452 228 2539 μνααῖαι
251 2446 389 2531 reponit3
426 2440 611 2531 μναιαίους
637 2441 764 2506 Aristot.
796 2445 831 2506 de
860 2442 945 2504 Coel.
974 2443 1028 2506 lV.
1052 2446 1091 2521 4,
1121 2446 1176 2512 95.
1238 2466 1241 2472 ’

72 2552 153 2639 quod
180 2550 252 2614 olim
271 2558 382 2635 puncta
409 2546 562 2611 diaeritiea
583 2545 709 2607 habehat
736 2554 767 2607 et
793 2563 811 2606 a
833 2543 983 2626 Simplicio
1010 2551 1097 2610 modo
1119 2550 1177 2627 sie,

71 2654 163 2721 modo
185 2652 296 2717 omisso
316 2652 379 2715 iota
399 2649 497 2714 altero
524 2646 666 2711 sorihitur
693 2668 722 2731 ρ.
746 2642 820 2711 172.
844 2645 874 2707 6.
899 2643 973 2708 173.
996 2668 1025 2712 a.
1056 2648 1178 2717 Graeoi.

73 2776 133 2845 qne
154 2756 188 2819 in
208 2754 384 2819 universum
405 2773 423 2817 a
445 2761 567 2815 nostrae
588 2748 709 2834 linguae
732 2748 947 2812 consuetudine
971 2752 1045 2815 odeo
1066 2752 1179 2818 disere-

71 2868 158 2947 pent,
181 2868 215 2922 ut
233 2857 355 2921 nomina
376 2854 535 2918 multarum
553 2852 734 2939 syllabarum
757 2852 822 2915 sine
842 2852 981 2916 consonis
1000 2865 1177 2933 contexant,

72 2954 149 3049 ἰωή,
170 2950 281 3047 olrJ'th,
301 2953 429 3031 auleolo,
453 2977 507 3040 per
527 2976 602 3040 quae
624 2954 792 3019 ostenditur
812 2954 932 3018 diversa
952 2955 1046 3019 fuisse
1068 2957 1179 3023 utrius-

74 3084 134 3152 qne
154 3062 303 3129 sermonis
324 3059 480 3145 principia.

115 3220 119 3226 .
160 3166 205 3231 lle
232 3147 518 3248 monophthongom
543 3163 736 3225 admonemur
764 3160 904 3225 eschol.
929 3160 1176 3231 11.ΧΧ1.347“.

75 3263 238 3359 θερμήνῃ
259 3266 326 3352 μέν
348 3288 453 3351 φησιν
473 3258 544 3330 α’λλ’
566 3261 608 3331 οδ
628 3255 753 3353 εηρήιῃ
776 3260 834 3330 διδ
851 3260 890 3328 κδ
911 3259 1112 3350 κακόφωνοι
1135 3264 1185 3341 oie

77 3370 200 3459 ψαρῶν
227 3368 284 3437 καὶ
309 3368 435 3455 urtone.
479 3366 668 3464 Neque-diei
687 3375 810 3464 ootest,
848 3365 1007 3429 Homerum
1037 3368 1184 3453 ξηρδκαι-

79 3474 255 3560 praetulisse
277 3484 402 3555 propter«
419 3470 573 3534 literarum
595 3493 614 3554 ρ
637 3479 668 3532 et
689 3495 711 3535 α
733 3466 926 3544 affinitatem,
953 3490 1014 3552 qua
1032 3472 1121 3547 moti,
1145 3484 1183 3537 ut·

84 3578 226 3656 ereditur,
251 3574 345 3637 Attiei
366 3573 504 3660 eodum,
527 3571 646 3660 ρᾶκαι,
667 3570 830 3658 γηρᾶναι,
851 3564 1034 3656 εὐφρᾶναι,
1060 3575 1180 3659 adopte-

85 3689 169 3757 runt3
204 3698 273 3741 nam
298 3676 371 3741 haeo
395 3678 472 3741 ratio
500 3678 535 3740 ah
558 3674 716 3758 Epioormn
743 3673 958 3735 consuetudine
981 3674 1097 3751 aliena,
1128 3676 1178 3758 qui

87 3789 119 3843 ut
133 3774 235 3869 πήρη,
256 3774 417 3867 πειρήσω,
438 3780 481 3843 ite
502 3778 593 3843 etiam
612 3776 771 3863 πειρῆκαι
791 3774 892 3845 dieunt
910 3774 969 3846 0d.
981 3776 1088 3843 XXII.
1103 3775 1176 3841 175.

25 3939 27 3946 ·
91 3930 286 3957 -n—-q—

29 4021 34 4056 '·
147 4022 190 4091 20)
210 4022 333 4089 Ejusdem
350 4022 446 4074 voealIs
464 4022 491 4073 in
509 4019 619 4071 diversis
636 4018 768 4070 voenhulis
786 4016 943 4074 eontlietnm,
967 4010 997 4066 ἔκ
1012 4014 1064 4079 μία
1079 4010 1110 4083 μ’
1125 4011 1178 4072 ᾰλ.

99 4096 160 4162 ls'm
171 4106 276 4165 elidar
291 4105 372 4179 oirdot
389 4105 524 4180 δάμασσε,
546 4105 681 4159 adnotavit
697 4103 852 4158 llnstathius
869 4114 894 4166 ρ.
915 4097 963 4159 ta.
983 4096 1024 4151 10.
