2506 4492
280 116 336 179 nn
370 112 562 177 rnnncc.
597 110 797 178 sunnon.
827 114 858 196 a.
885 112 936 176 ιι.
1118 116 1165 180 σο

558 292 587 375 p.
615 290 667 354 11.

140 427 195 490 His
224 427 315 490 relus
352 427 547 490 consideratis
582 426 761 510 intelligitur
796 427 977 509 quarundam
1010 426 1164 491 literarum

52 529 298 596 commissionem
321 530 356 591 ab
380 529 516 591 omnibns
538 529 703 611 aequaliter
725 528 844 612 respui,
868 527 941 591 alias
963 529 1078 593 admitti
1101 530 1164 614 qui-⁴

54 637 120 698 dem
151 633 205 696 sed
237 652 307 694 raro
343 641 373 694 et
398 631 429 694 in
452 630 603 694 vocabulis
635 631 765 713 antiquis
794 639 847 693 aut
873 649 998 712 peregre
1020 634 1162 717 acceptis,

57 748 89 800 et
110 756 200 819 saepe
223 733 313 798 etiam
328 754 383 795 usu
397 733 531 805 venisse,
555 745 589 796 ut
603 734 680 796 idem
702 754 794 796 sonus
816 731 903 794 modo
926 730 1090 797 offenderet
1111 755 1164 798 au·

56 859 118 913 res,
154 837 242 901 modo
264 834 349 898 velut
370 833 549 898 hebescente
569 834 661 898 animi
682 836 746 898 acie
769 836 834 898 sine
856 856 947 898 sensu
971 836 1162 918 praeteriret,

55 939 123 1003 illas
145 947 247 1002 antem
269 937 409 1020 regulaS,
446 958 517 1020 quas
540 958 595 1000 nos
617 941 649 1001 in
672 937 908 1000 conformatione
931 947 962 999 et
984 937 1016 999 in
1038 937 1164 1002 colloca·

56 1042 142 1104 tione
169 1033 382 1103 vocabulorum
411 1040 494 1122 sequi
518 1040 667 1114 solemus,
698 1061 716 1102 a
739 1038 920 1102 Graecorum
951 1041 1164 1103 consuetudine

55 1142 231 1218 abhorrere.
285 1141 378 1226 Cujus
408 1141 453 1204 rei
488 1141 677 1204 immemores
706 1143 810 1217 multi,
849 1145 917 1226 qnid
946 1146 1031 1207 dulce
1063 1152 1163 1217 sonet,

56 1244 123 1328 quid
148 1263 254 1317 secus,
279 1243 368 1306 citius
392 1265 477 1326 quam
501 1243 716 1307 consideratius
738 1247 936 1328 pronunciare
959 1245 1067 1310 solent.
1103 1244 1161 1311 Ex·

58 1345 148 1430 empti
172 1365 261 1407 causa
287 1345 319 1406 in
341 1343 465 1406 Luciani
493 1346 567 1408 Enc.
592 1343 679 1409 Dem.
703 1349 733 1430 ἓ.
758 1346 790 1411 4.
815 1348 949 1411 Reitzins
979 1345 1164 1434 Δημοσθέ-

56 1472 120 1535 νης
144 1442 286 1532 σμικρόν
307 1446 447 1509 substitui
471 1448 558 1531 jubet
577 1443 700 1533 μικρόν
731 1449 900 1534 euphoniae
918 1453 1047 1531 gretia,
1081 1449 1164 1512 etin

56 1549 133 1645 Plpt.
159 1549 308 1612 Phaedon.
335 1570 364 1632 p.
389 1546 442 1611 90.
466 1551 504 1611 Α.
539 1549 726 1613 Heindorfius
749 1545 874 1637 σφόδρα
887 1547 1009 1637 μικρόν
1031 1552 1164 1638 praefert

55 1636 180 1737 vitlgato
205 1644 346 1737 σμικρόν
368 1650 405 1712 cb
428 1650 623 1734 euphoniam,
647 1652 710 1714 suis
732 1662 875 1736 uterque,
900 1676 960 1716 non
981 1653 1163 1716 Graecorum

56 1757 179 1819 auribus
212 1775 295 1817 usus.
349 1751 413 1819 Nec
436 1753 550 1836 justior
584 1754 637 1817 illa
667 1755 778 1819 Osanni
808 1756 845 1818 ad
876 1754 999 1820 Philem.
1031 1778 1059 1839 p.
1088 1754 1164 1821 251.

56 1858 179 1942 querela
202 1859 238 1920 de
260 1854 422 1918 Hermanni
446 1856 634 1919 correctione
664 1856 753 1939 Soph.
784 1855 833 1942 Aj.
865 1855 939 1922 384.
975 1854 1083 1942 ἴδοιμί
1109 1879 1165 1923 νιν

56 1961 141 2040 νῦν,
164 1980 234 2022 nam
257 1967 289 2020 et
310 1957 366 2019 hoc
388 1958 463 2039 apud
484 1969 604 2021 veteres
627 1959 738 2041 legitur
760 1970 791 2023 et
812 1962 920 2025 similia
942 1960 1054 2035 multa,
1083 1959 1166 2047 πρίν

56 2086 136 2149 μιν,
164 2060 233 2146 μέν
261 2082 325 2145 μιν
353 2058 438 2122 Anat..
471 2058 543 2123 160.
579 2055 624 2145 ἧν
645 2055 719 2148 γ’ἤν
746 2062 840 2127 Arist.
865 2065 943 2129 Avv.
968 2065 1063 2131 1543.
1094 2067 1166 2141 πῶς

59 2178 140 2238 παῖς
159 2162 248 2225 Bion.
272 2161 341 2225 XV.
368 2159 399 2223 7.
426 2157 468 2233 oie
489 2161 575 2248 γνῷς
597 2163 724 2247 Meleag.
748 2164 802 2247 Ep.
826 2166 935 2229 XLVl.
982 2169 1093 2233 Similis
1116 2192 1164 2235 er·

59 2289 109 2330 ror
131 2267 213 2329 circa
235 2264 496 2339 homoeoteleuta,
527 2285 601 2346 qnae
629 2287 715 2349 quam
746 2268 848 2349 cupide
870 2289 887 2330 a
912 2268 1033 2332 Criticis
1061 2273 1165 2357 exagi-

64 2380 135 2443 tata,
173 2388 259 2451 quam
288 2385 375 2449 saepe
404 2386 421 2428 a
452 2368 604 2430 veteribus
626 2369 753 2430 admissa
782 2369 861 2441 sint,
891 2370 1017 2450 exposui
1050 2373 1086 2433 ad
1112 2374 1162 2456 Aj.

10 2552 14 2557 Ι
63 2472 257 2558 compluribus
279 2469 371 2544 locis,
400 2468 594 2551 Tragicorum
616 2469 801 2550 potissimum
824 2467 969 2551 exemplis
994 2490 1076 2538 usus.
1109 2473 1163 2535 Sed

10 2562 16 2573 ¹
65 2576 253 2660 reperiuntur
274 2572 350 2654 apud
368 2569 509 2654 quosvis3
533 2565 619 2656 ἐπήν
636 2566 773 2655 πρωτην
790 2565 897 2656 οἷκτὴν
922 2560 1063 2659 Ἰδοόκης
1084 2570 1167 2661 cipi-

66 2699 136 2763 κηαι
159 2677 214 2740 0d.
240 2676 311 2740 XV.
337 2674 390 2739 56.
416 2674 464 2737 ubi
488 2674 589 2736 eadem
612 2673 724 2736 vocalis
747 2673 902 2756 quinquies
920 2672 1066 2749 iteratur,
1096 2692 1187 2762 qua·'

68 2788 108 2842 ter
134 2779 166 2843 ln
190 2779 261 2843 Hes.
287 2779 399 2861 Theog.
432 2775 505 2842 921.
542 2766 773 2861 λοισθοτάτην
795 2772 907 2862 Ἥρην
936 2770 1105 2862 θαλερόν,
1136 2792 1167 2844 ct

10 2892 14 2914 ¹
70 2880 174 2945 ciuiles
205 2881 306 2945 exitus
339 2881 426 2944 alibi:
459 2871 634 2952 παθόντες
668 2878 774 2951 κακῶς
805 2879 926 2952 ἱκανός
955 2877 1016 2944 οὐκ
1047 2879 1166 2955 dederis

71 2975 238 3068 ἠμύναντο
268 2964 343 3047 Plat.
374 2985 502 3046 Menex.
528 2981 602 3046 244.
637 2981 669 3043 Β.
702 3000 776 3064 quae
806 2981 1021 3064 sigmatismum
1051 2976 1166 3046 nolabi-

72 3080 120 3148 lem
140 3085 304 3162 exhibent3
340 3080 495 3172 α’δολφόν
523 3085 624 3170 τριων
647 3080 868 3168 ὁμομητρίων
891 3079 1078 3170 ἐπικλήρων
1111 3110 1167 3153 κα·

10 3228 20 3264 ,
73 3188 308 3275 ταλειφδεισιόν
341 3189 442 3252 lsaens
473 3187 509 3249 de
532 3186 604 3249 Her.
636 3185 698 3248 Cir.
734 3207 761 3266 p.
785 3184 860 3249 224.
894 3190 930 3250 ἐκ
952 3199 1027 3252 τοῖν
1054 3180 1168 3275 λόγοιν

10 3298 19 3362 ξι
75 3303 136 3355 τοῖν
163 3288 305 3376 οἷνδρσῑν
334 3289 506 3375 ἑκατέροιν
542 3302 618 3354 τσῑν
646 3287 939 3372 βασανισθέντων
977 3290 1099 3373 Antiph.
1132 3293 1168 3354 dc

10 3402 23 3435 ν
77 3393 143 3455 daed.
170 3394 243 3456 Her.
275 3415 304 3476 p.
335 3390 409 3457 728.
433 3390 502 3457 τόν
530 3393 597 3477 μὲν
626 3386 779 3456 οἷκόντων
807 3386 1070 3464 όπακοαόντων,
1099 3394 1168 3460 τόν

80 3489 105 3558 dl
124 3490 267 3562 ἑκόντων
288 3490 520 3582 προδιδόντων
542 3493 649 3580 Lysias
664 3491 799 3577 Epitaph.
825 3491 898 3569 193,
921 3493 975 3559 24.
988 3495 1034 3580 ⁶¹)
1060 3491 1169 3582 ilar,-

23 3739 30 3774 t
136 3735 177 3801 dl)
201 3736 230 3788 ln
247 3737 356 3789 Aristid.
386 3736 431 3788 0r.
459 3735 525 3786 Plat.
547 3733 578 3784 11.
605 3731 664 3786 187.
690 3749 735 3800 pro
752 3725 866 3789 ἑκόντας
882 3729 1092 3805 όπιρβιιλνοντοσ
1108 3733 1168 3784 Din-

10 3818 32 3882 ’p'
87 3813 161 3871 tofina
177 3823 327 3888 restituite
345 3824 416 3874 codd.
437 3818 559 3881 ἑκόντος,
584 3835 650 3885 quac
669 3827 710 3871 est
727 3819 843 3884 legitima
867 3819 1038 3870 constructio:
1064 3810 1171 3874 dianam

29 3912 31 3921 ¹
89 3891 264 3969 immamus
289 3909 357 3971 Plat.
384 3904 670 3974 Hipponacteo.
697 3898 814 3958 ἑκόντων
831 3900 961 3957 διδόντων
984 3901 1076 3953 Liban.
1095 3902 1167 3955 Decl.

91 3978 114 4032 Τ·
127 3987 143 4039 1·
161 3991 217 4045 587.
243 3991 357 4048 ἑκόντων
373 3990 552 4048 tondendam
570 3990 601 4043 Τ.
621 3990 663 4042 111.
684 3989 745 4046 247.
770 3986 892 4045 α’κόντοιν
916 3979 1102 4043 όπακονόντοιν
1119 3989 1169 4058 Lp'-
