2506 4492
290 216 349 282 un
376 214 572 282 unnucc.
600 214 800 285 unraon.
829 220 861 303 t.
884 216 918 286 o.
1113 219 1162 289 so

46 394 93 465 ‘cd
114 397 154 465 dt
174 388 349 485 Εὐβοεύς,
375 391 491 481 ἐπειδή
512 394 574 461 oda
595 399 662 485 ἔχει
681 394 720 461 τὸ
739 380 772 475 ἶ,
794 394 926 484 ἐγένετο
948 380 1059 473 adca}
1101 396 1162 463 ll'e·

49 523 113 587 que
140 522 211 565 raro
238 500 342 563 eadem
369 496 484 562 vocalis
508 509 576 583 post
597 498 810 585 diphthongum
830 486 870 565 ὦ
890 501 1059 585 reperitur3
1093 522 1162 563 nam

52 626 117 669 uon
140 604 236 667 solum
252 594 402 691 Ἀχαιιάς
423 602 476 663 sed
496 600 585 665 etiam
602 594 728 691 Ἀχαιίς
745 601 866 679 dicitur,
889 612 924 667 ut
937 599 1104 689 Bpuoutie,
1127 623 1160 666 v.

52 705 188 772 Boeclh.
213 706 250 768 ad
273 704 364 787 Gorp.
385 701 480 767 lusor.
503 700 543 766 N.
561 700 659 767 2042.
682 700 849 789 Κρηταιίς
869 704 969 769 Anall.
994 704 1031 768 ll.
1055 727 1085 789 p.
1104 702 1157 769 5³.

53 832 111 897 pro
134 830 191 893 quo
210 806 378 890 Stephanus
394 796 568 891 Kppepttie
588 806 695 883 sideru
723 804 870 881 Κυτιιιίς
892 827 986 891 nuper
1003 805 1162 891 Apollonio

56 911 247 997 eplerisque
273 908 359 971 lihris
384 908 531 971 redditum
555 918 620 985 est,
652 908 823 973 llermauno
851 907 947 993 magis
974 910 1012 973 ad
1032 910 1164 995 Kocplr

55 1013 261 1101 propendente
285 1008 376 1095 Orph.
398 1008 474 1093 Arg.
497 1006 572 1075 824.
603 1010 661 1075 etsi
687 1010 763 1075 idem
787 1009 972 1097 Euphorioui
992 1004 1164 1084 Κυταιιᾰε

55 1116 176 1189 tribuit,
199 1114 277 1198 quod
299 1112 326 1178 si
346 1112 384 1175 ad
405 1122 541 1175 nostrum
561 1112 722 1177 referimus
742 1134 877 1189 sensum,
899 1112 994 1198 magis
1012 1112 1164 1179 hlauditur

53 1208 216 1305 Kvepi'c'c
244 1227 279 1280 ut
302 1204 448 1302 γαιηὶὶὶς.
492 1214 548 1278 Sed
576 1224 698 1279 veteres
726 1216 806 1300 ipsos
832 1217 891 1280 alio
922 1226 1055 1301 tempore
1083 1214 1164 1279 uliud

52 1324 202 1408 prohesse
224 1318 282 1381 uisi
305 1337 355 1381 res
376 1317 441 1400 ipsa
466 1336 521 1381 nos
547 1317 686 1394 doceret,
720 1328 820 1383 tamen
841 1340 918 1403 vaga
944 1331 1033 1403 atque
1058 1318 1164 1382 iucou·

53 1436 144 1489 stans
175 1420 336 1485 multorum
368 1420 581 1483 vocabulorum
613 1418 760 1503 scriptura
792 1422 979 1507 perspicuum
1010 1418 1161 1485 redderet.

55 1524 237 1591 Eustathius
257 1544 287 1605 p.
307 1519 390 1598 936,
413 1519 468 1585 45.
492 1526 526 1587 ol
546 1520 704 1602 παλαιοί,
733 1524 846 1607 iuquit,
880 1514 1016 1610 ῥήτορες
1036 1516 1163 1609 Ἀχαιι-

56 1622 121 1695 κόν
140 1648 227 1715 φασι
247 1623 318 1690 δεῖν
338 1619 493 1712 γράφειν,
517 1619 561 1697 ὥς
582 1624 638 1689 nol
659 1620 834 1710 γυναιικόν
856 1626 912 1692 καὶ
933 1615 1108 1702 δικαιικόν,
1131 1622 1163 1685 iu

56 1754 116 1817 quo
139 1738 250 1814 quauta
272 1728 311 1791 sit
332 1726 465 1792 codicum
483 1725 616 1790 varietas
634 1724 705 1789 olim
727 1726 855 1813 exposui
874 1727 911 1790 ud
929 1725 1042 1812 Phryn.
1062 1747 1091 1809 p.
1107 1722 1162 1787 39.

52 1832 275 1918 dupliciterque
300 1839 383 1892 errat
402 1828 562 1913 Elmslejus
584 1829 620 1891 ad
643 1828 762 1893 Heracl.
787 1851 819 1893 v.
843 1826 896 1893 84.
928 1838 960 1893 et
983 1828 1059 1911 quod
1080 1824 1166 1889 lemi-

60 1936 136 2000 nina
157 1934 189 1997 in
210 1917 429 2005 ig‘tesimnn'a
450 1931 572 1994 brevem
594 1930 729 1995 vocalem
753 1942 824 1997 autc
847 1929 1089 1997 terminationem
1113 1924 1166 1989 hu·

54 2041 131 2103 here
158 2046 266 2120 negat,
296 2032 405 2099 ohlitus
427 2042 546 2117 praeter
566 2032 626 2097 alia
653 2034 746 2099 multa
771 2034 919 2101 notissimi
941 2032 1071 2098 nominis
1092 2031 1166 2099 Δα-

56 2145 154 2220 ναΐς,
184 2148 216 2202 et
236 2136 313 2223 qnod
333 2135 450 2201 Atticos
472 2134 701 2221 diphthongum,
732 2137 817 2221 eujus
841 2136 1030 2222 suhjuuctivu
1050 2132 1165 2199 vocalis

56 2244 102 2308 sit
118 2229 153 2319 ἶ,
179 2239 268 2304 alteri
289 2238 351 2303 iota
372 2258 523 2321 nunquam
544 2238 735 2321 praemittere
757 2240 865 2317 edicit,
891 2260 1014 2324 eamque
1036 2238 1073 2301 uh
1095 2256 1166 2301 cuu-

56 2365 125 2409 sam
146 2362 200 2427 pro
221 2336 367 2428 Εὑβοιίς
386 2340 552 2405 inauditum
574 2334 709 2429 Eripiente
736 2341 899 2405 introducit
925 2341 1033 2405 merito
1060 2336 1166 2421 explo-

55 2468 127 2513 sum
155 2446 192 2509 ah
218 2443 368 2507 Ellendtio
395 2442 428 2507 in
453 2442 533 2507 Lex.
561 2443 699 2528 Sophocl.
744 2443 802 2506 Sed
827 2442 902 2505 hoec
924 2444 987 2525 jam
1013 2440 1050 2504 ad
1076 2439 1165 2502 aliam

59 2547 267 2636 quaestionem
295 2545 447 2630 pertinent
476 2546 512 2609 de
542 2544 691 2607 vocalium
722 2544 908 2608 diversarum
938 2540 1164 2625 compositione,

55 2672 135 2739 quae
157 2650 224 2736 ipsa
244 2648 455 2732 nonnunquam
477 2655 615 2710 veterum
637 2656 848 2711 nauseatorum
869 2644 988 2709 fastidia
1006 2642 1112 2708 movit.

570 2820 600 2906 n
622 2820 655 2889 c.

145 2962 280 3027 Primum
301 2961 409 3023 docent
433 2958 606 3034 Homerum,
630 2960 687 3025 etsi
708 2952 864 3045 Ἐρέβευς
886 2956 1001 3020 diceret
1023 2965 1056 3019 et
1076 2944 1165 3040 θάρ-

59 3089 149 3147 cette,
170 3075 273 3128 umen
302 3061 474 3148 repudiasse
507 3060 614 3136 deleve
641 3074 673 3128 ct
701 3060 828 3135 curisve
849 3055 904 3126 dut
925 3055 990 3144 τήν
1008 3079 1168 3142 accopu-

58 3168 142 3237 νίαν
156 3168 218 3253 τῆς
234 3162 436 3251 ἐπαλληλιάς
449 3166 512 3230 coti
531 3150 670 3231 eschol.
686 3163 843 3229 Veu.XV.
853 3160 887 3225 4.
901 3161 1014 3225 Aueed.
1027 3183 1056 3246 p.
1068 3158 1164 3227 12⁰9.

59 3282 150 3356 atque
178 3272 216 3333 oh
246 3270 369 3332 eandem
400 3267 546 3332 rationem
577 3266 708 3331 Philemo
736 3268 765 3349 ς.
783 3264 856 3331 195.
887 3265 1035 3351 legitimas
1055 3264 1167 3329 formas

63 3373 153 3447 dieue
180 3382 213 3436 et
232 3370 359 3444 ’σπέεος
386 3390 404 3432 a
432 3380 520 3454 poeta
545 3371 673 3454 rejectas
695 3390 762 3432 esse
780 3368 912 3453 judicat3
952 3368 1028 3450 quod
1049 3366 1168 3430 difficile

61 3487 110 3540 cst
130 3473 287 3549 refellere,
318 3473 458 3560 quoniam
480 3471 631 3535 nominum
659 3471 745 3559 ῥέος,
773 3469 879 3547 κλέος,
907 3469 1011 3558 χρέος,
1040 3467 1168 3555 genitivi

63 3576 214 3661 trisyllabi
236 3579 287 3658 (ut
307 3575 436 3662 βέλεος)
460 3574 513 3638 vix
534 3575 736 3658 reperiuntur.
782 3573 840 3636 Sed
861 3594 936 3655 quae
957 3574 989 3636 iu
1009 3568 1116 3644 dalevo
1138 3578 1170 3631 et

68 3677 201 3753 anetem
230 3689 415 3741 concurrunt
436 3677 568 3753 vocales,
598 3678 717 3740 casdem
747 3675 903 3739 continent
923 3685 1043 3758 praeter
1065 3663 1169 3741 ueteris

70 3782 187 3845 uomina
217 3779 326 3843 localia
353 3779 551 3864 aprimitivis
579 3780 611 3842 in
639 3766 695 3846 ὦ
717 3790 747 3841 et
768 3763 839 3844 ὦ
867 3776 1069 3840 desinentibus
1090 3770 1170 3835 deri·

70 3894 146 3961 vata,
169 3875 365 3960 Ῥοιτειεύς,
394 3873 583 3972 deputande,
613 3872 813 3972 Σεῤῥιειεύς,
838 3868 1046 3968 Λακερειεύς,
1064 3872 1170 3958 Aona

72 3982 241 4060 cunetatio,
272 4009 437 4073 quanquam
458 3988 490 4052 iu
511 3987 567 4052 hoc
589 4007 704 4070 quoque
726 4006 850 4070 genere,
879 3985 906 4046 si
931 3976 1081 4045 commode
1102 3973 1170 4039 lieri

75 4098 178 4167 potest,
208 4089 283 4154 haec
314 4092 450 4178 epallelia
478 4090 587 4159 evitari
607 4089 698 4168 solet,
728 4085 939 4153 terminatione
959 4102 1016 4155 sot
1036 4080 1169 4171 syllohae
