2506 4492
206 172 209 178 ’
274 194 336 261 nn
362 192 523 278 unuin.
552 192 721 262 nouos.
751 195 789 262 e.
809 194 875 263 ιιι.
904 198 934 284 ι.
954 197 1008 263 ι.-
1112 198 1190 267 τοι

68 394 152 441 mam
168 395 333 460 agnoscere
353 373 471 452 videor,
495 373 599 460 hisque
616 375 757 459 proxime
767 398 846 462 ιιοιιο
861 398 910 454 ea,
932 396 1008 462 quae
1021 398 1075 462 pro
1093 377 1189 464 sigma

72 500 168 543 unam
195 477 457 541 triumvoealium
480 489 671 561 receperunt,
701 477 797 566 ια’γα,
823 477 913 567 λίγα,
940 475 1046 560 πύκα,
1075 479 1188 569 κρύφα

71 592 133 646 ete.
159 602 192 643 v
221 580 256 643 C.
281 580 318 643 ll.
343 580 371 662 ἓ.
397 579 428 642 1.
460 601 585 664 quorum
612 581 754 645 brevitati
781 583 919 647 medetur
939 583 1086 649 insertum
1109 583 1189 647 delta

70 681 197 771 μίγδα,
225 677 375 777 κρύβδα,
389 673 532 770 κύβδα,
566 673 695 771 φύγδα,
724 694 756 747 et
777 684 933 748 lahialihus
956 682 1102 749 familiare
1123 707 1186 770 my,

71 784 199 875 ῥίμφα.
243 786 354 848 Eadem
372 805 451 849 ,vero
473 784 585 849 vocalis
607 785 765 849 adhibetur
786 787 887 850 verbis
909 787 1057 872 purisvel
1076 811 1098 854 ν
1124 809 1188 851 mo-

72 889 133 952 bile
164 887 343 951 habentibus
372 882 458 976 χοδά
485 886 594 973 δοιιιιιι.
625 909 654 971 ιι.
678 885 732 952 30.
766 881 928 978 περιχοδα
957 890 996 972 (si
1028 901 1112 954 certa
1140 901 1188 954 est
1220 907 1223 922 ’

73 990 226 1073 scriptura
240 990 382 1073 Hippoer.
400 991 435 1052 de
448 989 556 1052 Affeet.
575 1011 604 1073 p.
620 988 695 1056 420.
711 990 747 1054 Τ.
764 989 802 1053 11.
819 992 869 1054 uhi
886 990 1048 1081 περιχαδα
1062 992 1186 1076 editum)

71 1088 197 1158 ἐκταδά
205 1094 254 1174 ⁴),
277 1082 468 1171 σῖτιοοταδά,
491 1083 654 1177 διακριδά,
676 1085 843 1178 άποκριδά
863 1094 971 1158 Joann.
988 1117 1018 1182 p.
1036 1092 1089 1159 33.
1115 1116 1187 1178 quo·

72 1215 145 1258 rum
167 1204 308 1257 aeeentus
339 1194 472 1258 declarat
493 1194 571 1283 delta
593 1215 654 1257 non
676 1195 885 1279 interpositum
908 1216 976 1260 esse
993 1208 1032 1267 ,ut
1053 1197 1187 1281 superio·

69 1297 170 1372 ribus,
194 1297 245 1359 sed
268 1296 420 1378 pertinere
445 1297 482 1359 ad
503 1296 767 1373 terminationem,
792 1297 877 1384 eujus
899 1298 995 1362 altera
1016 1301 1112 1363 forma
1133 1310 1185 1363 est

70 1386 145 1472 ban,
170 1392 304 1476 σταδόν,
327 1395 443 1484 ῥοδόν,
469 1394 597 1487 σχεδόν,
626 1392 778 1479 ἐκταδόν,
808 1396 1003 1481 ἐπισταδόν,
1031 1397 1185 1470 α’ττοοτα-

69 1496 154 1579 δόν,
182 1498 428 1587 περισταλαδόν
459 1501 591 1587 Hesyeb.
626 1494 828 1587 οῐποκριδύν,
855 1496 1043 1591 διακριδύν,
1072 1527 1186 1590 παρα-

68 1596 200 1682 κλιδόν,
224 1614 254 1666 et
267 1603 358 1666 tertia
373 1595 511 1687 στάδην,
532 1597 656 1690 βάδην,
678 1597 794 1690 ῥύδην,
816 1602 934 1692 σύδην,
955 1603 1060 1696 χύδην
1090 1602 1185 1673 ἐκτά-

68 1705 146 1792 δην,
164 1701 342 1789 άποτάδην
341 1696 542 1792 Ηάμηάδην
562 1702 732 1793 διαφάδην
748 1704 977 1795 (διαρρήδην),
992 1701 1184 1795 ἐπισπάδην

51 1810 213 1894 ΙΗίιιιιοοι.
238 1810 275 1871 de
298 1806 356 1871 Int.
381 1808 441 1875 Aff.
466 1832 496 1894 ιι.
510 1809 586 1873 474.
613 1810 649 1872 Τ.
668 1809 746 1875 lbi
731 1806 937 1898 ἐμπελάδην,
961 1834 1048 1896 quem
1070 1813 1106 1876 ad
1129 1831 1185 1875 uu-

69 1933 189 1976 merum
211 1912 368 1987 accedunt,
400 1933 474 1995 quae
497 1934 515 1976 a
534 1912 666 1976 verbus
657 1934 689 1975 ιιι
711 1933 874 1976 consonam
897 1916 1078 1978 exeuntibus
1095 1914 1184 1976 dueta

69 2024 158 2089 sunt,
180 2011 318 2100 μίγδην,
343 2014 539 2103 συναΐγδην,
563 1983 719 2102 κλὲβδην,
750 2011 867 2104 ὅβδην,
890 2012 1184 2104 &calephtirfqpas-

56 2113 232 2205 ρολεγδόν
252 2117 349 2181 Arist.
373 2119 411 2181 Η.
435 2119 518 2181 Αιιιι.
540 2117 594 2180 Vl.
626 2117 682 2196 21,
704 2118 743 2186 2⁴.
791 2119 902 2204 liisque
924 2119 1184 2185 terminationibus

68 2240 161 2304 saepe
177 2220 278 2283 eadem
294 2220 452 2283 variantur
462 2220 620 2283 voeabula
657 2219 833 2313 Apollonius
845 2224 881 2288 de
893 2223 971 2287 Adv
988 2246 1017 2309 p.
1035 2220 1112 2303 562,
1127 2218 1181 2286 18.

66 2319 113 2390 τά
137 2325 184 2395 εἰς
206 2321 248 2387 δα
271 2317 459 2408 ὀξανόμενα
482 2314 690 2444 οανατιάρχοι
716 2337 788 2397 τοῖς
815 2328 863 2399 εἰς
833 2326 949 2392 ἰδον
970 2322 1185 2413 περατουμέ-
1208 2380 1211 2385 ,

67 2449 157 2506 νοις,
185 2420 388 2516 καναχηδόν,
417 2416 601 2515 καναχηδά,
630 2417 846 2514 αύτοοχεδόν,
878 2422 1076 2518 αύτοσχεδά,
1097 2449 1184 2516 χαν-

69 2522 144 2609 δόν,
166 2522 284 2618 χανδά,
312 2528 508 2613 similiterque
530 2527 590 2591 alia
611 2528 746 2592 verbalia
767 2539 799 2591 et
820 2528 983 2592 nominalia
1004 2522 1181 2618 άγεληδόν,

66 2626 237 2719 οἷγεληδά,
265 2623 414 2716 εἰληδύν,
443 2626 574 2715 ειληδά,
601 2620 792 2716 λαθρηδύν,
820 2623 988 2719 λαδρηδά,
1017 2626 1181 2719 ῥοιζηδδν,

70 2725 222 2824 ῥοιζηδά,
252 2730 432 2814 σοσταδόν,
461 2728 623 2800 σοσταδά.
668 2732 721 2796 His
750 2735 889 2818 adjuncta
918 2745 966 2799 est
992 2743 1097 2818 quarta
1121 2745 1182 2799 ter-
1239 2748 1241 2752 ‘

68 2837 210 2912 minatio,
235 2837 321 2921 eujus
346 2837 497 2919 specimen
519 2838 642 2920 praebet
661 2831 821 2923 μιγάδην,
845 2838 898 2901 sed
919 2837 1181 2922 frequentissimus

44 2994 46 2999 .
68 2961 145 3004 usus
173 2950 221 3002 est
247 2939 279 3001 in
307 2937 476 3001 nominibus
498 2940 631 3022 perfeeto
654 2940 786 3002 seeundo
808 2940 993 3014 assimilatis,
1022 2936 1182 3026 λογάδην,

68 3038 316 3129 καταλογάδην,
343 3035 529 3129 α’γχοάδην,
559 3036 762 3128 άνδοκάδην,
790 3035 1002 3131 οἷμβολάδην,
1023 3044 1183 3129 παραβο-

68 3140 188 3230 λάδην,
210 3140 458 3231 ύιιερβολάδην,
481 3138 668 3231 δρομάδην,
690 3142 971 3233 παραδρομάδην,
996 3137 1183 3234 ἐπιτροπά-

69 3247 148 3335 δην,
176 3242 409 3333 ἐπιστολάδην,
438 3243 695 3334 περιοτολάδην,
723 3243 1000 3335 α’ναοτροηάδην,
1023 3244 1182 3339 λοχάδην,

68 3345 258 3436 σποράδην,
275 3345 437 3437 φοράδην,
459 3351 769 3435 quorumexemplum
782 3350 918 3434 sequitur
931 3362 1051 3436 propter
1068 3353 1182 3416 formae

68 3453 296 3520 similitudinem
322 3464 442 3517 caetera
463 3451 562 3535 dispar
580 3450 755 3540 μονάδην,
785 3454 862 3537 quod
883 3453 962 3518 idem
984 3454 1093 3518 dieitur
1115 3476 1183 3519 eum

66 3554 232 3620 metathesi
259 3554 433 3639 quantitatis
461 3550 640 3640 μονναδόν
666 3566 701 3620 ιιι
729 3550 904 3641 οἰαδύνῖ),
931 3552 1129 3648 συνωχαδόν
1150 3567 1183 3622 et

140 3748 169 3816 4)
184 3747 270 3815 'Noun
285 3747 421 3803 XXXVII.
443 3751 502 3806 tut.
523 3756 569 3804 και
587 3745 663 3806 neila
680 3753 853 3821 κοπτομένης
870 3749 918 3809 διά
935 3756 1062 3825 γαστέρος
1079 3747 1182 3807 ἕκτάδα

67 3839 202 3906 πέμπων,
223 3834 341 3888 Graefius
359 3832 460 3891 ἕκτιίδα
473 3852 519 3905 pru
530 3838 678 3889 accusativo
691 3836 813 3889 habuisse
832 3839 945 3892 videtur.
972 3839 1023 3892 Sed
1035 3847 1077 3891 est
1090 3839 1181 3892 adrer-

69 3923 143 3975 bium
165 3918 278 3975 ἐκταδά.
577 3935 580 3938 ’

139 4009 168 4074 5)
185 4008 315 4149 Apperhie
329 4003 437 4077 ὅμαδόν
456 4011 531 4065 tuen
548 4010 669 4064 conciliat
684 4011 780 4065 Suibae
796 4012 884 4078 glossa
895 4005 1061 4080 ’Τφύμσδον
1075 3995 1182 4083 (elpes)

68 4089 212 4166 ὅμαθνμα
229 4090 273 4150 α’ν.
