2506 4492
98 130 144 200 rs
466 92 775 190 nrssnnrurro
804 121 829 187 1.

99 307 136 374 C.
160 303 237 374 999.
266 315 299 370 et
326 301 436 368 similia
463 301 551 366 modo
577 301 706 388 simplex
725 301 820 387 sigma
841 300 963 384 babere,
994 303 1093 382 modo,
1123 304 1203 390 quod

97 431 187 496 saepe
207 404 407 492 ambiguitatis
436 426 526 469 oansa
551 405 779 490 praeferendum
808 417 867 486 est,
898 405 1020 492 duplex.
1064 407 1110 471 Ad
1131 406 1219 472 ulti·‚

97 535 179 580 mum
202 510 442 576 animadvertere
462 508 546 588 libet,
576 510 721 594 uomodo
746 508 875 599 *latinum
901 530 1010 574 nomen
1032 509 1151 574 Sextus
1172 520 1205 574 et

20 622 25 635 '
97 617 228 684 Sextim
249 634 269 678 a
290 611 414 677 Graecis
433 610 591 688 variatum
627 611 749 689 Σέξτος
771 610 857 676 Diod.
880 611 951 675 XII.
981 611 1013 676 7.
1036 611 1121 676 XIV.
1144 611 1202 678 94.

98 720 178 786 Plut.
202 720 238 783 de
259 716 340 788 Proi.
361 712 440 779 Virt.
463 734 492 798 p.
508 711 584 779 248.
607 713 644 778 Τ.
662 713 726 778 VII.
752 714 850 778 Strab.
866 714 917 779 IlI.
942 712 1015 779 141.
1040 715 1096 779 Dio
1113 713 1201 780 Cass.

96 804 234 886 XLVIII.
250 819 305 887 21.
322 829 353 882 et
370 814 424 880 46.
450 815 562 880 LXXI.
580 815 612 880 1.
648 809 788 895 Ἔξοτος
811 817 917 883 Galen.
941 819 977 881 do
1000 818 1142 897 Praenot.
1167 818 1204 882 ad

96 924 231 989 Pontum.
246 923 302 1003 ,X.
328 919 404 984 651.
435 930 466 983 et
494 919 611 1003 saepius
639 931 759 1004 postea3
793 921 914 999 Σέξτος
943 921 1044 1006 Polyb.
1066 919 1201 984 XXXII.

96 1026 152 1096 29.
175 1022 398 1090 turismodus.
421 1045 451 1107 p.
468 1020 543 1087 326.
566 1021 605 1085 Α.
627 1022 753 1106 Appian.
776 1023 843 1088 Civ.
858 1023 882 1086 l.
906 1021 959 1087 40.
976 1034 1008 1086 et
1020 1020 1075 1086 45.
1091 1020 1129 1084 Il.
1145 1019 1202 1087 24.

98 1128 150 1195 IV.
170 1126 223 1192 53.
241 1126 280 1190 V.
296 1125 350 1190 75.
374 1123 479 1208 quibus
493 1123 576 1188 'louis
598 1127 663 1189 ood.
683 1128 763 1210 Aug.
780 1126 953 1211 plerumque
967 1124 1109 1202 Σέξστος
1128 1122 1205 1187 sori-

96 1233 153 1309 bit,
183 1230 260 1315 quod
281 1240 313 1292 et
330 1228 408 1312 apud
429 1227 504 1292 alios
532 1226 644 1312 legitur
671 1250 703 1292 v.
728 1228 881 1292 Sobaaior.
905 1230 947 1313 ¹ad
973 1225 1072 1312 Apoll.
1099 1224 1202 1288 Sobel.

96 1356 126 1419 p.
155 1333 231 1400 232.
260 1342 292 1395 ot
311 1331 344 1392 iu
364 1328 490 1414 Appiani
511 1330 604 1413 ipsius
626 1341 773 1394 oontextu
796 1330 834 1393 II.
866 1353 894 1395 ο.
925 1329 979 1394 48.
1012 1327 1086 1393 106.
1123 1327 1200 1393 122.

97 1437 149 1501 111.
181 1434 236 1499 77.
265 1432 315 1497 nbi
343 1432 427 1496 oodd.
459 1431 535 1516 regii
561 1431 690 1506 Ξὲστος
709 1435 767 1516 ¹⁷),
798 1444 832 1498 ut
861 1443 893 1497 et
913 1432 1065 1497 sextarius
1094 1450 1204 1516 graece

98 1530 213 1622 ξοοτής
240 1536 360 1612 dieitur,
391 1536 428 1600 de
457 1554 515 1618 quo
542 1536 663 1600 nomine
685 1535 869 1599 Philoxenus
892 1536 954 1620 effl‘t
975 1534 1007 1599 in
1028 1536 1104 1598 libro
1127 1532 1207 1618 brool

95 1640 156 1728 τῆς
176 1636 364 1724 Ῥωμαίων
384 1635 554 1721 διολέξοως
575 1638 676 1725 Elym.
693 1637 769 1701 Gud.
789 1660 818 1722 p.
838 1636 913 1701 414.
952 1637 1004 1701 llis
1019 1638 1119 1700 vicina
1133 1646 1206 1700 sunt

96 1730 259 1820 Βίοεξτον
274 1737 531 1816 οἱνοΒίοοξοτον
547 1740 646 1804 Sobol.
657 1741 796 1823 llippoor.
812 1740 848 1802 T.
859 1738 882 1801 l.
902 1737 973 1803 199.
994 1741 1033 1803 oi.
1044 1740 1090 1802 Ilo
1106 1738 1204 1823 Cang.

97 1868 124 1910 s.
141 1845 172 1909 b.
187 1866 219 1909 v.
238 1840 439 1929 προίτοξτον
462 1864 494 1905 v.
516 1841 618 1905 Roisk.
639 1842 687 1904 ad.
708 1840 813 1905 Const.
831 1841 940 1926 Porph.
956 1865 987 1927 p.
1002 1840 1077 1907 739.
1101 1866 1206 1929 πραι-

95 1947 251 2025 τέξτοτος
272 1945 360 2008 Diod.
373 1942 443 2005 Xll.
461 1941 513 2006 53.
538 1942 566 2005 J.
582 1942 660 2028 Lyd.
678 1944 714 2006 de
729 1944 808 2028 Mag.
826 1943 849 2007 l.
864 1943 918 2008 40.
935 1966 966 2029 p.
984 1942 1037 2008 70.
1063 1965 1119 2007 neo
1135 1965 1204 2028 pro·

96 2049 146 2114 oul
162 2048 275 2111 distem
287 2037 470 2123 denudabor,
489 2043 621 2121 ἐκξὲσας
641 2043 732 2109 basil.
750 2046 888 2131 Aenigm.
906 2046 960 2123 36,
974 2044 1050 2111 499.
1075 2047 1107 2109 in
1120 2045 1206 2110 Bois-

96 2172 164 2216 son.
187 2148 302 2212 Anood.
326 2147 362 2210 Τ.
380 2146 432 2209 III.
456 2147 640 2232 ἐξοκέπτωρ
663 2160 819 2233 exceptor,
842 2170 939 2235 neque
961 2149 1135 2214 incredibile
1158 2148 1205 2212 vi·

96 2255 185 2317 detur
202 2250 326 2338 ξέοτριξ
347 2251 413 2315 sive
433 2251 532 2335 potius
553 2248 656 2326 ξέστιξ
677 2249 781 2317 hordei
803 2252 971 2321 bexasu'obi
999 2272 1109 2315 noman
1131 2249 1204 2314 Cni-

96 2355 176 2419 dium
202 2354 386 2438 populariter
415 2364 587 2440 corruptum
616 2375 684 2419 osse
709 2361 885 2433 ox‘dloatg.
928 2353 1006 2419 Hino
1028 2353 1203 2438 colligamus

94 2457 168 2522 lieet
186 2457 255 2521 aliis
276 2457 336 2521 alia
358 2477 424 2521 esse
446 2477 553 2540 aspera
575 2456 705 2536 laniare,
730 2457 851 2521 nomina
871 2477 946 2522 varo
970 2456 1139 2519 communia
1159 2457 1205 2521 fa·

96 2559 182 2625 oilius
203 2560 241 2624 ad
261 2561 379 2624 aurium
396 2560 541 2646 jndioium
563 2560 779 2651 aooommodari
801 2581 888 2644 quam
912 2559 1043 2644 propria.
1088 2556 1204 2622 Verum

95 2660 169 2725 baeo
186 2662 250 2745 jam
272 2663 308 2724 ad
330 2662 485 2726 literarum
508 2662 715 2744 contiguarum
738 2662 873 2727 collisum
895 2662 1058 2746 pertinent,
1082 2661 1119 2723 de
1145 2679 1204 2744 quo

94 2763 128 2827 iu
149 2762 295 2848 proximis
317 2763 472 2826 dicendum
495 2765 564 2827 erit.
608 2763 696 2829 Nune
717 2785 879 2848 exsequar,
903 2762 1043 2847 quodbis
1065 2763 1203 2847 gravius,

95 2864 149 2930 sed
169 2864 318 2948 prioribus
331 2865 556 2928 inobservatum
575 2877 633 2942 ast,
657 2864 789 2929 Graecos
806 2866 882 2930 baud
896 2866 984 2930 facile
1002 2865 1203 2942 oommitterta

95 2978 131 3031 ut
156 2968 275 3031 easdem
298 2968 371 3031 duas
393 2987 541 3031 consonas
562 2967 594 3030 in
617 2967 729 3031 duabus
759 2968 909 3033 continuis
930 2969 1055 3055 syllable
1075 2968 1203 3039 iterent.

94 3068 214 3133 Etenim
236 3070 352 3134 nullum
374 3081 423 3134 est
441 3069 503 3133 illis
524 3069 700 3134 voeabulum
721 3069 848 3155 simplex
862 3071 1100 3157 etprimitivnm,
1124 3070 1204 3154 quod

95 3189 163 3236 oum
188 3172 290 3236 latinis
311 3175 420 3248 sorbeo,
439 3175 602 3258 proprios,
626 3174 790 3257 comparari
811 3175 917 3259 possit,
946 3173 1072 3237 nonita
1094 3174 1202 3253 multa,

38 3294 40 3301 '
96 3293 171 3357 quae
201 3294 268 3337 oum
297 3276 468 3340 vernaculis
491 3275 602 3339 nostris
625 3274 801 3352 Stilbtond,
831 3276 1069 3363 m'druetbvg,.
1092 3299 1204 3345 unom-

92 3375 272 3462 gleiobla'ob,
295 3377 550 3442 uooaodlez'bb'ab.
595 3377 716 3443 Duobus
737 3379 885 3463 prioribus
901 3379 1010 3443 similia
1023 3392 1106 3457 sunt,
1127 3401 1203 3465 quae

94 3499 162 3543 oum
191 3480 412 3565 praepositione
437 3473 505 3568 πρό
531 3491 562 3544 οι
589 3481 792 3545 numeralibus
814 3482 987 3566 quibusdam
1010 3483 1201 3560 coaluerunt,

167 3755 211 3824 17)
240 3751 344 3823 Σῆξτοσ
368 3756 463 3808 vitiose
493 3757 519 3807 in
543 3755 645 3823 dosopbi
676 3755 783 3827 Synops.
809 3755 829 3808 I.
859 3738 921 3811 bue.
952 3755 984 3808 T.
1006 3755 1050 3808 III.
1077 3757 1200 3828 sedeur

92 3841 236 3895 lloeokbius
251 3841 277 3892 in
291 3839 371 3893 Insor.
385 3839 447 3894 897.
461 3857 486 3908 p.
498 3843 556 3897 592.
572 3845 675 3909 Eparia
693 3843 797 3909 rejiciat
809 3842 910 3904 nasoi03
931 3841 1031 3893 Sestius
1053 3850 1081 3895 ot
1091 3843 1201 3895 Sextius

93 3935 274 3996 permutantur
290 3927 358 3980 Plut.
378 3926 412 3980 V.
434 3926 489 3978 Cio.
506 3925 605 3979 XXVI.
625 3934 652 3978 ot
669 3928 747 3990 alibI;
776 3929 844 3980 mala
865 3927 989 3980 Sortitus
1012 3929 1101 3982 eadem
1119 3927 1200 3981 Sesti·

88 4028 143 4104 ‘ens
159 4023 286 4068 vocantur
303 4021 331 4065 et
346 4003 486 4070 Keonavoi
505 4028 531 4064 v.
545 4011 657 4082 lntorpp.
676 4016 711 4067 ad
722 4014 826 4067 Colum.
839 4013 897 4067 XII.
917 4017 962 4077 45,
981 4017 1016 4069 5.ι

987 4368 1030 4447 Q.
