2506 4492
105 190 153 260 76
207 186 209 192 ”
393 186 396 191 ’
462 183 778 253 blssnnubrlo
804 184 863 251 ll.

109 368 277 457 plicanium
305 365 488 431 homericum
515 362 639 454 ἐπίηρα
658 365 781 454 ’φέρειν
810 364 953 431 assumsit
980 386 1092 431 nomen
1120 360 1208 457 lp'pp‘

109 467 302 558 ἐπικουρία,
330 461 373 535 οὗ
392 465 415 555 ἡ
435 467 551 558 portur}
574 461 656 556 ἦρός
684 467 785 533 Schol.
809 467 888 533 Ven.
912 467 937 531 l.
962 466 1038 535 572.
1076 468 1205 535 Eustatb.
1245 513 1250 555 ,

108 597 139 660 p.
165 573 247 652 152,
269 569 323 635 31.
356 571 387 635 it
415 570 441 635 si
470 572 562 636 certis
590 571 794 655 exemplorum
824 569 1010 634 documentis
1037 570 1206 637 conlitnme

111 675 270 762 potuisset,
292 693 354 736 non
374 673 511 737 stetisset
529 672 697 737 Aristarchi
719 672 882 749 sententia,
905 671 1113 737 accusativum
1133 673 1207 739 blm

110 779 146 842 ab
164 774 302 861 ἐπίηρος
318 775 495 859 repetentis.
526 773 561 837 ln
577 761 619 861 cp
627 777 829 839 tantummodo
846 775 906 838 tria
923 774 1005 837 liniri
1023 774 1099 838 dicit
1115 775 1205 863 Ety'n.

59 886 63 897 '
109 879 153 944 M.
180 876 260 954 107,
285 875 339 943 28.
370 879 402 964 tp
427 877 485 944 κοιλ
510 874 598 964 peip
622 875 679 943 eccl
703 874 762 964 φίρ
787 870 899 963 ὄνομα
923 866 1060 962 κύριον,
1092 898 1207 961 quom

110 992 293 1068 postremum
318 979 473 1063 ignotum3
512 981 543 1064 ip
565 1001 619 1064 pro
643 980 693 1065 sip
720 980 824 1044 valere
850 980 987 1054 videtur,
1017 978 1098 1042 sicut
1118 979 1208 1067 Enip-

110 1083 220 1148 mionis
251 1081 329 1144 filius
359 1081 446 1143 modo
475 1080 582 1166 Φθοίρ
614 1082 786 1146 nominatur
806 1080 916 1144 'Sobel
946 1079 984 1143 ad
1012 1079 1090 1166 Lyc.
1122 1080 1207 1147 1381.

111 1186 198 1249 modo
223 1181 315 1269 Φθίρ
337 1182 452 1246 Anecd.
476 1205 506 1269 p.
532 1183 626 1249 1200.
656 1184 794 1249 Eustatb.
819 1206 849 1266 p.
872 1179 956 1258 368,
980 1180 1013 1245 1.
1045 1193 1078 1248 et
1100 1204 1155 1249 cur
1175 1184 1208 1249 itt

112 1288 284 1350 nominatus
306 1284 362 1361 sit,
390 1287 559 1370 conjectare
581 1287 707 1364 liceret,
733 1286 759 1351 si
781 1284 932 1349 Pbtbirem
956 1283 1065 1348 Cariae
1089 1296 1209 1351 monton

111 1382 217 1452 Latmo
240 1386 371 1451 vicinum
392 1387 486 1463 luisse
508 1389 671 1465 sciremusa
695 1386 757 1476 Γίρ
780 1388 844 1452 sive
863 1384 942 1475 Γείρ
961 1385 1077 1474 Libyae
1096 1388 1208 1455 fluum

112 1489 281 1575 Geograpbi
306 1500 489 1578 memorant,
521 1491 674 1574 gentilicia
697 1491 797 1577 Σῑρες
821 1502 853 1555 et
876 1491 1006 1576 Φθῑρες
1028 1488 1207 1574 Stepbanatp

112 1593 165 1657 sed
187 1594 263 1677 qnod
285 1593 361 1675 apud
383 1591 562 1676 Hesychium
584 1593 696 1677 legitur
711 1587 802 1679 Ἰρις
821 1583 931 1679 λόγοι,
958 1580 1070 1677 magna
1090 1591 1207 1677 suspicit

114 1705 179 1770 est,
209 1715 248 1758 ne
269 1705 322 1759 aut
342 1694 548 1778 metaplastum
570 1696 610 1759 sit
635 1718 688 1779 pro
711 1696 781 1780 ἷραι
802 1695 867 1758 sive
889 1693 993 1779 εῖραι,
1021 1703 1077 1757 aut
1100 1715 1143 1758 ex
1162 1693 1208 1761 bot

111 1795 176 1885 ipso
199 1807 381 1881 corruptum.
428 1796 513 1861 Ultro
540 1780 796 1880 progredientibus
822 1796 879 1858 duo
907 1783 1072 1859 occurrunt
1093 1796 1208 1883 bracby·

111 1898 268 1975 catalecto,
292 1919 367 1981 quae
389 1898 555 1984 Hesychius
577 1897 684 1962 offerta
715 1893 786 1986 Ζόρ
808 1895 922 1983 ἡλικία
943 1889 1072 1984 ἐλάφου
1094 1895 1119 1984 ἢ
1139 1897 1207 1984 ‹lop-

109 1996 168 2073 ιός
196 2010 228 2062 et
254 1990 332 2083 Πόρ
359 1993 446 2072 πούς
470 1990 651 2075 Λάκωνος,
685 2022 809 2085 quorum
837 2000 911 2063 illud
937 2012 1136 2065 removerunt
1160 1997 1208 2066 viti

113 2101 192 2164 docti
214 2100 357 2184 probabili
380 2102 567 2165 correctione
589 2094 675 2187 ζόρξ,
698 2102 767 2166 huic
789 2101 951 2186 opitulatur
972 2101 1139 2185 proprietas
1158 2102 1209 2166 dia·

111 2201 195 2278 lecti,
218 2203 254 2265 de
275 2222 334 2284 qua
355 2202 453 2287 paullo
475 2214 542 2288 post
563 2205 691 2268 dicetur.
722 2204 766 2268 De
789 2203 899 2268 ceteris
920 2204 1105 2269 assentimur
1123 2205 1207 2270 'lbet-

112 2314 220 2389 guosto
241 2304 356 2367 Anecd.
380 2303 479 2368 Crem.
504 2304 529 2369 l.
554 2305 629 2371 122.
655 2312 691 2375 ol
711 2305 803 2394 παροὶ
825 2306 870 2393 τῷ
898 2299 1064 2393 Τρύφωνι
1084 2301 1207 2375 εὐθεῖαι

112 2398 171 2493 elbo
193 2399 368 2493 caliculo,
397 2401 461 2494 ἀφ’
484 2401 531 2476 cio
553 2401 650 2496 δορός
671 2403 905 2496 κοιλ-δουρός,
925 2408 1137 2492 πολίζονται,
1165 2424 1207 2474 nt·

111 2530 168 2595 que
189 2509 284 2572 ullum
311 2510 391 2573 aliud
419 2532 530 2575 nomen
557 2511 589 2575 in
614 2500 676 2601 o—vp
705 2511 897 2576 terminatum
922 2512 1074 2596 reperitur
1096 2524 1207 2601 praeter

109 2613 286 2697 peregrina,
317 2607 424 2699 οἷοοῦρ
447 2610 572 2700 κρατήρ
597 2617 773 2704 (αἵματος)
800 2610 869 2681 ὑπὸ
890 2611 1060 2681 Φοινίκων
1083 2610 1204 2702 llesycl.
1238 2608 1250 2715 p*

110 2715 187 2800 quod
215 2714 339 2777 Romani
367 2717 453 2805 assir
479 2716 639 2791 dixerunt,
669 2716 798 2800 potionis
826 2737 939 2799 genus,
969 2725 1004 2779 nt
1027 2716 1137 2782 Festus
1161 2717 1204 2791 ait,
1237 2740 1250 2781 a

112 2836 153 2879 ex
177 2815 248 2879 vino
274 2825 306 2877 et
326 2815 472 2898 sanguine
493 2826 690 2899 temperatum
716 2839 748 2881 v.
772 2816 940 2881 Tzscbuck.
964 2819 1000 2882 ad
1022 2818 1096 2883 Mel.
1120 2818 1159 2883 ll.
1180 2818 1203 2882 l.

112 2917 164 2985 12.
190 2928 221 2981 et
244 2909 402 3003 Σούβουρ
423 2917 549 2981 Ptolem.
570 2917 607 2980 ll.
628 2916 660 2981 6.
684 2918 735 2980 sed
755 2916 847 2982 Tibur
867 2918 974 2982 Graeci
997 2922 1205 2986 transnomina-

110 3031 183 3086 runt
200 3018 342 3108 Τίβορις
361 3031 391 3083 et
411 3016 576 3106 Τίβοοροι,
596 3012 845 3106 ΑοΧοοἍιιξωρ
865 3021 935 3105 (sic)
954 3022 1042 3086 Diod.
1060 3023 1147 3088 XIV.
1161 3020 1203 3087 16.

174 3122 314 3206 Sequitur
335 3122 484 3187 vocalium
506 3132 622 3206 quarta.
657 3121 842 3186 Herodianus
864 3149 902 3188 cc.
919 3126 1014 3190 Mor.
1036 3122 1201 3208 ρ.12,18.

110 3219 211 3291 οὐδὲν
230 3228 277 3299 εἰς
295 3212 342 3313 οἷο
356 3221 533 3309 οὐδέτερον
550 3216 822 3311 μονοσύλλαβον,
845 3223 929 3291 ellat
949 3218 1062 3311 μόνον
1080 3225 1119 3293 τὸ
1136 3226 1204 3312 πῦρ,

109 3325 129 3393 ὃ
152 3325 345 3413 Σιμωνίδης
371 3326 629 3414 (iambograpbus‚
658 3326 743 3411 reor)
776 3334 875 3394 ἕνεκα
902 3328 1031 3416 ,ιιέιροο
1059 3319 1211 3397 8ισολλᾶ·’

110 3432 181 3518 pior
201 3425 420 3516 ἀπεφήνατο,
448 3430 550 3496 τοῦτο
572 3425 635 3517 yolp
657 3421 807 3515 μάλιστα
828 3429 932 3517 poppae
957 3436 990 3506 ἐς
1012 3424 1093 3521 τύγε
1115 3424 1204 3520 meib·

109 3554 234 3618 quorum
252 3533 339 3597 facile
357 3535 520 3598 remedium
541 3532 643 3618 φῆρος
662 3531 919 3621 ἑότυγονιπΰιρ,
936 3535 1040 3599 leones
1060 3535 1202 3610 videlicet,

109 3655 183 3719 quos
200 3635 378 3699 Aristoteles
396 3637 433 3699 H.
450 3633 531 3698 Anu.
549 3633 604 3698 lX.
623 3633 675 3698 31.
693 3635 775 3719 (44.)
790 3638 823 3703 2.
848 3637 919 3700 dicit
936 3640 1128 3724 φοβεῖσθαι
1143 3631 1206 3726 μοί·

107 3737 204 3804 λιστοι
224 3734 264 3804 τὸ
284 3737 369 3823 πῦρ,
392 3739 520 3801 Homero
542 3758 683 3803 assensus
706 3739 741 3802 ll.
759 3738 815 3801 Xl.
837 3738 911 3809 544.
936 3739 984 3803 1οο
1006 3750 1107 3805 autem
1130 3759 1206 3826 prae·

109 3840 193 3925 cipue
215 3834 320 3928 ὁθήρ
344 3838 401 3904 dici
419 3839 498 3904 solet
510 3842 551 3926 ⁹).
587 3840 734 3926 Deinceps
756 3840 800 3904 ita
821 3862 877 3905 nos
899 3843 1007 3907 dooere
1028 3846 1130 3932 pergit
1150 3841 1208 3909 exl-

178 3978 205 4044 1)
228 3977 336 4043 lleisigii
354 3977 479 4028 correctio
496 3975 559 4047 φρέσ
576 3973 604 4032 a's
619 3974 680 4047 τόγε
696 3975 764 4046 crito
784 3979 886 4030 silentio
904 3983 1079 4048 praetermitti
1096 3984 1208 4039 dehabet
1227 3978 1250 4012 '¹

112 4060 186 4128 [Eam
205 4064 249 4131 qui
267 4080 349 4132 nuper
366 4063 522 4132 probarunt,
546 4065 710 4119 meminerint
726 4057 790 4117 baec
807 4065 880 4133 prius
898 4067 1067 4137 relitteres]
1236 4028 1250 4139 1
