2506 4492
103 268 172 335 m
464 260 782 329 nlssustsssto
811 258 856 325 λλ.

103 450 202 515 tiones
224 445 373 512 adverbiis
392 464 509 529 quoquo
529 441 663 506 redditae
685 452 757 506 sunt
777 434 879 526 οἶμιίξ,
899 435 1053 527 rependat,
1075 433 1205 526 α’ναμίε,

103 543 217 630 ὀκλάξ,
240 547 342 636 μίγα,
363 542 495 635 κρύφα,
518 543 606 632 λίγα,
627 539 721 633 ἄγχι,
743 543 809 630 λφι,
830 543 926 630 τῆλν,
953 564 1048 627 eaque
1071 543 1205 626 temporis

103 674 266 740 progressu
292 651 380 715 novis
405 662 493 714 aucta
517 660 588 713 sunt
612 647 805 710 incrementis
813 693 841 733 ,¹
853 637 1007 733 μιγοίιλις,
1036 642 1205 731 νρνφοίιλις,

102 751 275 845 κρυφηδόν
297 765 357 818 etc.
383 752 520 839 exemplo
543 752 660 826 eodem,
683 770 741 833 quo
764 749 916 812 nominum
938 749 1048 833 stirpes
1072 749 1207 817 informes
1247 752 1249 795 ἵ

104 869 135 922 et
161 857 318 921 inchoatae
345 855 565 920 articulationis
593 873 680 917 eausa
709 851 936 915 terminationes
963 851 1103 915 ascivere
1128 872 1207 916 voca·

103 961 214 1036 liores,
244 954 406 1046 ἄλφιτον,
435 952 595 1044 ἅλειφαρ,
624 951 786 1040 ὕφασμα,
824 946 930 1038 φιλλιιιιΙ
956 952 1066 1016 demtis
1095 952 1208 1017 uomina

103 1080 172 1127 enm
193 1063 343 1126 adverbiis
365 1062 397 1124 in
418 1081 510 1123 unum
533 1059 704 1133 confluunt,
728 1079 796 1121 nam
818 1055 902 1122 λίπα
925 1067 955 1119 et
977 1078 1030 1140 pro
1052 1053 1155 1129 λίπος
1174 1055 1208 1117 di·
1237 1058 1249 1068 ”

103 1167 184 1231 citur
201 1177 232 1230 et
248 1185 302 1249 pro
319 1163 477 1247 λιπαρῶς,
498 1184 594 1244 nequo
614 1155 705 1246 ι’ίμοξ
722 1163 758 1224 ab
776 1153 867 1247 α’μιίξ
885 1159 976 1221 distat
997 1158 1058 1222 nisi
1077 1170 1207 1223 accentu.

103 1266 149 1330 De
171 1266 384 1351 monosyllabis
411 1266 487 1346 quod
512 1263 594 1339 dixi,
626 1265 704 1327 idem
727 1265 763 1326 de
785 1260 937 1348 bisyllabis
962 1261 1094 1345 intelligi
1118 1262 1208 1334 debet,

104 1389 230 1453 qnorum
252 1368 367 1452 syllaba
388 1367 537 1450 posterior
562 1367 597 1429 ad
619 1367 712 1449 ipsam
737 1366 860 1448 stirpem
886 1367 1017 1447 pertinet
1042 1359 1135 1451 ἄβαξ
1159 1364 1209 1445 (in-

102 1469 196 1554 fans),
220 1461 348 1556 βιίβαξ,
370 1464 473 1555 alpos,
495 1462 591 1546 ὅναξ,
615 1462 702 1553 ὅρνξ.
740 1468 867 1532 Veteres
889 1488 964 1530 vero
988 1488 1049 1530 non
1073 1467 1150 1530 haec
1170 1487 1210 1529 so

104 1571 165 1634 lum
188 1593 207 1635 a
229 1572 330 1635 futuro
352 1583 510 1656 repetunt,
536 1573 587 1636 sed
610 1573 734 1635 eandem
758 1571 906 1634 rationem
927 1570 964 1632 ad
985 1571 1080 1632 verba
1103 1588 1210 1653 quoque

102 1674 236 1737 derivata
259 1676 464 1751 transferunt,
486 1671 615 1763 ἅρπαξ,
639 1666 798 1763 σοι’λπιγξ,
822 1667 940 1759 eripui,
967 1671 1077 1751 ἐλπίς,
1101 1672 1211 1760 γῆρνς,

103 1769 215 1865 ἰσχύς,
243 1779 279 1840 ab
301 1771 455 1863 ιίρπιίξοι,
477 1776 600 1845 ἐλπίσω
625 1788 683 1841 etc.
708 1787 915 1853 arcessentes,
948 1777 1006 1839 elsi
1029 1774 1097 1838 lieri
1122 1782 1212 1859 potest

103 1891 139 1945 ut
158 1879 252 1954 ἐλπίς
275 1891 306 1944 et
327 1902 398 1967 spos
419 1882 499 1966 prius
523 1891 625 1944 natum
648 1880 688 1943 sit
711 1901 797 1963 quam
821 1876 938 1958 ἐλπίζω
963 1890 995 1942 ct
1015 1898 1123 1962 spero.
1159 1876 1213 1939 lla·

97 1984 231 2069 jusmodi
256 1993 356 2046 autem
381 1984 551 2045 nominibus
577 1983 701 2045 duarum
724 1991 752 2044 et
776 1980 856 2044 ultra
877 1982 1063 2067 syllabarum
1087 1980 1214 2043 Gracco·

103 2107 171 2150 rum
193 2106 292 2150 sermo
314 2084 427 2159 allluit,
450 2079 594 2171 βασταξ,
616 2077 745 2169 sulpici,
771 2076 886 2161 οιίλαξ,
908 2079 1078 2170 α’ρριίβαξ,
1104 2074 1212 2170 χοίραξ,

103 2189 180 2264 ἕλιξ,
203 2187 296 2274 ilipa,
307 2185 440 2286 φοίνιξ,
465 2181 612 2275 οιήριγξ,
636 2182 771 2271 ciperani,
795 2179 993 2272 πομφόλοξ,
1017 2177 1214 2273 οἷμιίρογξλ)

104 2301 135 2353 et
157 2310 231 2370 quac
257 2289 289 2351 in
311 2313 328 2363 ς
353 2311 458 2373 purum
481 2291 640 2364 desinunt,
671 2283 771 2369 ι’ίλνς,
798 2283 918 2378 οἷχνιλς,
945 2286 1067 2376 ἄρκος,
1094 2283 1213 2378 alpinas,

102 2383 216 2482 sippiale,
238 2388 330 2470 ἰθύς,
353 2384 454 2474 οἰζύς,
475 2389 637 2482 τονθρύς,
655 2406 768 2483 φῖτος,
791 2413 866 2476 quae
889 2393 989 2457 omnia
1009 2393 1131 2478 quidem
1150 2413 1213 2457 ver

106 2546 319 2579 'm

105 2669 186 2720 nalem
204 2685 220 2720 a
238 2671 395 2722 nominativo
413 2666 482 2740 γλίξ
499 2671 668 2730 translatam,
688 2676 734 2720 tou
753 2668 882 2719 auxiliare
901 2667 979 2718 babet
997 2674 1027 2716 ut
1045 2664 1155 2732 νυκτός,
1172 2661 1210 2720 dol·
1247 2698 1249 2727 s

102 2772 221 2824 μαρτοο,
246 2753 351 2809 κλέπτω
368 2757 476 2822 (clepo),
496 2752 605 2819 πτόλις,
633 2757 765 2821 ipsumque
783 2755 892 2804 latinum
911 2741 980 2803 lactc
998 2755 1040 2818 (ut
1060 2754 1148 2817 osse),
1172 2769 1211 2820 pro

104 2855 169 2906 quo,
190 2842 212 2890 si
231 2841 272 2889 luc
288 2841 458 2889 masculinum
477 2848 546 2890 esset
564 2846 610 2889 aut
629 2840 788 2898 femininum,
809 2841 888 2888 luctis
905 2840 1037 2890 diceretur
1055 2847 1087 2890 ut
1105 2841 1210 2906 Capena·

102 2927 154 2986 tis,
178 2925 330 2975 Sarsinatis.
367 2923 558 2974 Nominativum
582 2925 638 2974 lact
657 2926 749 2975 merito
773 2925 884 2989 explosit
902 2924 1024 2975 Struvius
1046 2927 1077 2975 de
1097 2926 1169 2977 Docl.
1188 2930 1210 2975 et

104 3010 212 3077 Conjug.
230 3029 254 3079 p.
270 3011 313 3065 20.
334 3010 378 3060 sed
397 3010 428 3058 de
447 3024 555 3074 apocope
574 3026 623 3059 non
637 3010 721 3059 minus
738 3018 819 3070 errat,
839 3026 915 3076 quam
931 3012 1010 3061 ceteri
1029 3012 1072 3077 qui
1088 3012 1208 3078 Capenas,

103 3097 230 3165 Arpinas,
255 3096 381 3154 Urbinas,
407 3094 495 3159 cujas,
521 3110 648 3155 summas,
674 3103 791 3156 nostras,
819 3113 851 3147 cx
873 3098 1010 3162 Capenatis
1034 3106 1085 3149 ete.
1115 3098 1210 3149 concisa

104 3191 207 3253 putant.
245 3181 412 3233 Grammatiei
431 3181 517 3246 graeci
536 3182 599 3231 baec
619 3183 651 3231 ad
670 3183 823 3233 anadromen
846 3185 997 3234 retulissent
1020 3191 1051 3234 ut
1067 3180 1209 3254 κάρβανος,

99 3263 275 3336 Ἀδρίμητοι,
296 3257 429 3340 χαροπόν,
450 3263 601 3333 μα’ρτυροι,
628 3284 673 3318 nos
692 3269 826 3341 ppragogis
845 3270 1058 3329 adnumeremus,
1086 3278 1118 3320 ut
1136 3271 1210 3321 lamu-

103 3354 161 3419 lus,
180 3354 339 3419 morigerus,
359 3353 460 3415 facilis,
481 3354 620 3415 discordis,
640 3355 755 3407 vulturis
776 3362 826 3406 otc.
862 3353 928 3406 Num
946 3356 987 3405 cui
1006 3357 1112 3421 probari
1131 3361 1211 3423 potest

107 3440 223 3506 Campus
239 3446 340 3507 genus,
365 3440 484 3506 Arpinas
501 3443 556 3491 iter
577 3456 623 3508 per
645 3442 814 3492 concisionem
837 3449 922 3493 ortum
946 3458 1002 3492 esse
1025 3459 1059 3493 ex
1080 3442 1210 3511 Campam,

103 3525 250 3595 Arpinate?
283 3527 360 3578 Immo
378 3527 483 3579 brevior
500 3525 582 3578 forma
599 3529 687 3578 eadem
706 3527 872 3594 principalior
888 3529 1013 3579 babendo.

190 3630 219 3696 2)
239 3630 277 3681 De
295 3631 423 3681 industria
441 3631 603 3697 praetermisi
621 3632 790 3682 animantium
807 3631 908 3682 nomina
927 3648 943 3682 a
961 3633 1030 3682 sonis
1049 3634 1212 3684 naturalibus

105 3718 183 3770 ducta
201 3716 285 3785 ἔποψ,
303 3712 371 3778 uda}
388 3716 484 3783 (rana),
504 3717 574 3785 λ’γλνξ,
593 3717 651 3779 ibo}
669 3711 763 3784 ’ν’ρνεον
778 3718 849 3769 Suid.
870 3717 992 3784 (fortasse
1010 3718 1085 3778 illud,
1107 3721 1133 3770 in
1150 3719 1212 3787 quod

105 3804 161 3874 ltys
178 3810 295 3855 mutatus
313 3805 365 3868 est)
384 3801 440 3870 ἴυγξ
447 3839 455 3868 ,
473 3794 586 3865 αόιιιιυξ,
605 3801 704 3872 πίφιγξ
711 3839 719 3867 ,
741 3794 833 3872 saloy}
856 3806 910 3854 sive
930 3801 1018 3873 φολνξ,
1039 3803 1149 3869 τέττιξ,
1170 3808 1214 3858 τί·

104 3888 190 3959 τραξ,
211 3889 338 3959 μέμβραξ
360 3905 385 3940 ν.
407 3889 556 3940 Schneider.
577 3889 608 3939 ad
625 3889 735 3940 Aristot.
756 3889 787 3940 Τ.
808 3889 850 3940 λλλ.
871 3888 929 3941 381.
956 3896 983 3939 et
1004 3890 1035 3938 ad
1053 3890 1158 3942 Aelian.
1178 3890 1210 3942 X.

104 3978 148 4028 λλ.
168 3991 277 4045 quorum
295 3975 424 4027 nonnullis
443 3976 523 4027 verba
539 3974 641 4038 adjecta
658 3983 735 4035 sunt,
754 3972 906 4043 τιτρολζιιν,
923 3974 1045 4037 ποτίζειν,
1063 3976 1213 4047 βαβρᾰζειν

104 4069 156 4115 oto.
181 4062 349 4115 Praetermisi
364 4068 451 4114 autem
462 4068 611 4129 propteroa,
627 4063 700 4128 quia,
719 4061 770 4112 uisi
785 4060 813 4114 in
828 4060 955 4123 omnibus,
974 4064 1087 4114 certain
1104 4080 1215 4134 upupae,

106 4162 187 4201 ranna
204 4155 232 4200 et
248 4146 334 4201 cuculi
351 4149 452 4201 domino
468 4162 581 4200 consona
597 4149 688 4209 nativa
704 4148 790 4200 inesse
806 4146 923 4201 vldetur.
