2506 4492
292 167 350 233 ne
374 131 539 236 uouiu.
566 171 737 243 uouos.
769 172 805 241 c.
826 174 851 240 1.
875 178 903 262 y.
926 177 958 242 s.
1007 209 1010 214 -
1117 180 1181 259 ror

70 341 162 436 φλόξ
168 375 182 433 ,·
218 340 280 414 oric
301 349 371 413 ἔστι
392 344 504 434 μόνον
525 342 611 417 cillo?
638 349 695 418 ιια1
716 347 755 418 cd
780 354 834 431 λίξ
859 349 968 443 λεγδς,
999 338 1182 444 ῥηγατικοί,

69 449 115 518 τὸ
136 454 207 538 μὲν
227 445 297 516 died
317 449 380 516 cod
402 450 528 538 φλέγω,
549 449 589 518 κδ
611 451 646 519 δὲ
668 449 736 520 tired
757 458 819 522 τοῦ
840 458 939 546 λίγα,
965 480 1022 545 quo
1044 482 1104 524 non
1126 483 1180 525 ex-

70 565 149 639 puto
171 552 241 637 quid
262 551 342 615 aliud
358 553 562 637 ¹significatum
586 555 625 619 sit
648 556 705 618 nisi
727 556 794 635 Λίξ
814 557 854 624 κδ
875 557 995 642 ἔθνος,
1025 563 1101 645 qnod
1123 562 1178 626 Ar-

73 655 179 720 cadius
207 655 289 719 inter
315 655 517 737 monosyllaba
539 669 674 743 oxytoua
701 658 733 721 iu
753 647 775 735 ξ
795 673 948 738 numerat,
979 663 1177 742 decurtatum,

72 768 110 821 ut
132 758 253 841 opinor,
277 778 316 820 ex
333 756 448 837 Λέλεξ,
471 759 547 842 quod
569 781 677 824 nomen
699 756 837 838 ίεκκούς
859 764 914 828 boc
936 775 994 841 est,
1017 777 1051 830 ut
1071 765 1179 830 Strabo

72 860 310 944 interpretetur,
343 860 541 934 οολλέκτοος
561 860 657 936 cerole
682 863 738 930 cul
759 857 906 953 peryoi‘dcr
931 868 1090 931 ostendere
1112 889 1177 932 ere·

72 962 224 1025 diderunt.
269 961 395 1050 Βίβρεξ
416 965 482 1026 sine
504 965 591 1027 dubio
612 966 689 1028 idem
712 989 821 1032 nomen
844 981 902 1044 est,
931 969 1006 1053 quod
1020 970 1094 1052 apud
1112 970 1177 1034 Ste-

71 1062 201 1148 phanum
229 1065 372 1145 scribitur
391 1063 510 1151 Βίροξ,
541 1068 693 1149 ceteroqui
718 1068 872 1152 ignotum3
911 1071 1063 1159 βρεκεκέξ
1083 1071 1177 1135 alior-

72 1186 140 1228 sum
160 1168 303 1250 pertiuet.
332 1159 436 1241 Ἴλιξ,
461 1169 536 1251 quod
559 1168 723 1254 Hesychius
746 1171 844 1248 affert,
868 1173 993 1238 latinum
1016 1183 1063 1236 est
1083 1173 1175 1236 idem-

72 1288 130 1350 que
162 1269 396 1333 macedonicum.
442 1270 499 1333 Sed
529 1272 565 1333 ad
598 1273 801 1358 monosyllaba
832 1277 934 1339 redeo.
984 1274 1176 1341 Nominativo

72 1369 147 1456 κρέξ
169 1371 215 1433 usi
238 1382 309 1434 suut
330 1371 498 1437 Herodotus
520 1372 557 1436 H.
582 1372 634 1437 76.
662 1374 812 1459 Euphorio
834 1377 885 1440 Fr.
909 1376 962 1441 lV.
987 1376 1039 1442 58.
1065 1390 1097 1443 et
1115 1379 1176 1443 Ae·

71 1470 175 1534 liunus
194 1472 231 1534 H.
254 1473 335 1535 Anu.
361 1472 413 1537 lV.
439 1474 471 1538 5.
498 1475 645 1539 aviculam
667 1477 862 1554 denotantes,
878 1500 979 1563 aquam
1001 1479 1177 1544 Eustcthius

70 1595 99 1658 p.
128 1571 230 1650 1279,
251 1573 305 1636 47.
337 1596 355 1637 a
377 1577 468 1640 verbo
490 1576 591 1662 κρίνα
614 1578 721 1641 dietam
744 1591 847 1643 censet
874 1582 948 1646 setis
969 1581 1173 1666 probabiliter,

71 1677 187 1760 quando
208 1676 349 1762 κρίξοιοα
370 1675 469 1745 κίοοα
489 1679 583 1743 Anth.
601 1679 665 1743 Pal.
685 1702 713 1743 c.
731 1680 795 1744 Vll.
814 1704 846 1746 u.
869 1681 942 1748 191.
967 1685 1177 1748 documentum

70 1779 210 1863 praebet,
241 1778 369 1862 κρέκειν
396 1781 431 1844 de
458 1782 559 1845 avium
587 1803 663 1846 voce
690 1781 747 1845 dici
774 1793 806 1847 et
825 1779 944 1869 κορκιίς
966 1785 1002 1847 ab
1024 1784 1176 1870 llesycbio

71 1881 234 1964 exponitur
254 1880 328 1967 κρέξ
347 1875 476 1967 ὄρνεον.
506 1883 596 1969 Κρίξ
617 1884 728 1948 cirrum
750 1885 922 1969 significans
944 1884 1009 1949 sive
1028 1877 1177 1971 κροκύδα

71 1993 169 2046 ortum
192 1981 312 2046 videtur
332 1979 350 2047 ο
371 1985 547 2049 secundaria
569 1987 700 2071 ejusdem
719 1987 803 2050 verbi
823 1996 982 2071 potestate,
1006 1989 1083 2051 uude
1102 2010 1172 2074 κερ-

69 2082 120 2159 κίς
142 2095 175 2148 et
195 2080 296 2172 κρόκη
317 2109 349 2148 v.
374 2086 518 2172 Scaliger.
542 2088 574 2150 in
596 2089 684 2154 Varr.
704 2089 755 2154 Vl.
779 2087 854 2155 244.
875 2089 938 2173 Βίρ.
974 2089 1062 2154 Aliud
1084 2088 1172 2176 hujus

32 2233 35 2255 .·
69 2188 185 2253 formae
214 2187 451 2274 monosyllabum
482 2211 543 2253 uon
571 2192 700 2275 suppetit
727 2203 846 2276 praeter
874 2192 1069 2278 suspiciosum
1098 2192 1174 2257 illud

68 2291 212 2378 llesyebii
233 2289 348 2364 Νίκας
366 2289 490 2377 νεκροί,
512 2289 621 2370 οἰκίαι,
643 2287 792 2381 ιίρχαῑοι,
813 2291 1010 2391 odochujus
1031 2315 1099 2380 pars
1122 2316 1172 2359 re-

68 2394 141 2458 lerri
162 2404 263 2477 potest
284 2393 321 2455 ad
342 2393 473 2474 νέακες,
495 2392 628 2483 νεαροί,
650 2393 792 2461 νεανίαι.
827 2394 860 2457 ln
882 2400 927 2481 ειξ
949 2395 1062 2458 nullum
1083 2397 1170 2460 exire

68 2517 208 2581 graecum
236 2516 345 2559 nomeu
374 2497 556 2561 affirmemus
584 2518 644 2559 non
673 2497 768 2559 solum
797 2506 901 2558 nostra
922 2497 1064 2558 memoria
1085 2497 1168 2572 freti,

68 2599 118 2662 sed
141 2598 233 2662 etiem
254 2609 391 2661 veterum
413 2599 610 2661 auctoritate:
648 2595 691 2663 col
715 2600 762 2670 εἷς
785 2583 976 2683 ἷλήγοντοι
1004 2591 1171 2684 οἷποοιρί-

69 2723 194 2786 porcae
214 2696 279 2784 κήν
299 2688 337 2766 ἦ
352 2699 544 2788 δίφθογγον
565 2700 666 2785 Etym.
691 2698 768 2762 Gud.
792 2697 873 2774 338,
895 2696 950 2760 47.
996 2697 1099 2797 Neque
1123 2709 1172 2763 est

69 2803 142 2886 quod
170 2803 204 2865 iu
225 2789 288 2879 εἶξε·
301 2805 490 2867 terminetur.
534 2802 742 2886 Theoguostus
764 2801 801 2865 ll.
825 2799 879 2866 39.
908 2794 987 2883 odeo
1007 2797 1035 2886 p‘
1051 2825 1097 2868 εκ
1118 2797 1171 2869 δί-

69 2911 224 2993 φθογγος
246 2901 432 2991 εὑρίσκεται
453 2903 518 2992 πρὸ
539 2891 650 2980 τούξ.
695 2905 816 2989 Saepius
838 2926 912 2969 vero
933 2914 993 2968 eto.
1038 2904 1171 2969 Primum

69 2996 128 3094 βήξ
149 3028 260 3071 nomen
283 3008 406 3070 duorum
429 3013 641 3093 generum³⁷)‚
664 3000 943 3093 tehodemperto,
968 3005 1052 3089 cujus
1073 3025 1169 3089 genus

70 3111 255 3196 conjectatur
276 3131 317 3175 ex
340 3110 449 3174 ceteris
470 3111 617 3175 vermium
638 3110 805 3173 nominibus
828 3111 887 3197 tp,
908 3104 1009 3195 δρία
1022 3118 1081 3172 otc.
1123 3107 1170 3172 Ad

70 3209 141 3276 haec
163 3206 234 3297 κήξ,
257 3212 333 3296 quod
354 3213 496 3276 feminine
515 3213 674 3297 appellavit
689 3212 835 3275 Homerus
857 3212 908 3274 sed
927 3231 1082 3295 commune
1100 3231 1168 3274 esse

71 3315 201 3378 ostendit
222 3317 317 3379 forma
338 3316 457 3399 plenior
473 3307 580 3401 scrip}-
599 3307 694 3401 (κοίηξ
709 3314 786 3380 Lex.
801 3313 957 3398 Apollou.)
981 3314 1046 3379 sive
1064 3308 1169 3400 καύης

72 3448 284 3464 *-

135 3535 182 3601 37)
199 3535 233 3589 V.
249 3537 337 3589 Thom.
353 3537 387 3590 Μ.
407 3555 432 3606 p.
449 3539 506 3591 151.
525 3533 546 3606 ἤ
560 3531 614 3608 βήξ
627 3539 709 3591 Arist.
730 3539 761 3590 de
777 3539 888 3599 Anium.
906 3537 937 3590 ll.
958 3539 983 3590 8.
1002 3555 1027 3606 p.
1043 3539 1104 3600 426,
1124 3538 1166 3590 34.

72 3623 124 3674 cod.
142 3622 236 3694 ῥῆξις,
254 3620 327 3693 stipa
343 3621 426 3691 ξηρόν
442 3623 570 3690 Theopbr.
590 3623 622 3677 Ε.
637 3624 677 3677 Ρ1.
696 3623 743 3676 1Χ.
764 3625 806 3688 13,
825 3624 851 3680 2.
872 3624 980 3676 Urbinas
998 3622 1093 3692 ξηροίν,
1111 3619 1171 3676 code

73 3706 153 3775 βῆγαι
172 3708 219 3759 ΙΧ.
241 3709 288 3771 18,
309 3710 333 3762 1.
359 3710 425 3761 idem
442 3706 504 3762 τοὶς.
540 3705 632 3774 Βῆγας
655 3713 776 3775 χρονίους
798 3709 892 3777 Geopp.
911 3710 970 3761 Xll.
991 3711 1040 3771 311,
1059 3711 1085 3761 4.
1110 3709 1166 3762 cod.

73 3796 188 3863 χρονίας.
210 3789 252 3845 ‘H
266 3792 320 3863 βῆξ
336 3795 453 3861 Hippocr.
474 3795 548 3860 Epid.
569 3793 624 3846 Vll.
646 3795 705 3848 6511.
725 3789 756 3846 Τ’.
776 3796 818 3847 lll.
841 3796 1003 3864 Phrynichus
1020 3795 1113 3845 Athen.
1133 3792 1165 3843 ll.

76 3878 111 3930 tt.
129 3879 162 3930 Α.
181 3879 290 3930 Aristid.
309 3879 396 3932 XXV.
416 3880 477 3936 312.
497 3879 532 3930 Τ.Ι
548 3878 567 3930 l.
591 3877 680 3931 Galen.
701 3880 794 3932 Comm.
815 3883 841 3933 ih
858 3882 954 3948 Apbor.
973 3895 995 3930 c.
1015 3879 1102 3944 33.‘p.
1123 3879 1165 3930 64.

76 3959 209 4016 Τ.Χ1’111.
228 3965 258 4016 P.
277 3965 298 4016 1.
315 3966 390 4017 Pnul.
405 3965 469 4030 Aeg.
488 3964 521 4016 ll.
539 3963 583 4016 47.
602 3973 652 4019 etc.
672 3960 758 4037 ὅβήξ
776 3967 859 4020 Schol.
874 3966 991 4031 Hippocr.
1011 3962 1044 4015 T.
1057 3960 1089 4015 ll.
1105 3962 1165 4023 272.

76 4041 118 4102 cdv
133 4045 208 4121 βῆγοι
225 4049 401 4119 Gelen.'Eup.
421 4051 464 4105 lll.
485 4051 544 4105 563.
565 4049 596 4102 Τ.
615 4049 685 4104 xlv.
