2506 4492
31 266 35 277 ¹
97 172 148 250 oc
381 182 406 193 ··
456 175 771 248 nussuarnrro
801 154 844 242 1'r.

98 380 240 427 mannum
262 358 363 424 docuit
384 358 496 424 Orion:
527 351 679 446 polonie
701 355 854 448 σκγκοιιῇ
874 350 979 444 μα’λξ,
1001 352 1114 446 τροπῇ
1134 345 1204 439 (καλ

98 461 298 553 μεταθέσει)
320 454 421 550 βλάξ,
452 472 487 527 ut
507 464 594 526 modo
621 462 683 525 dixi
708 462 857 546 plumbum
885 454 1078 546 epoddnploe
1106 468 1203 521 ortum

101 585 187 643 ραις
210 586 335 649 quarum
357 565 520 629 formarum
543 586 578 628 ea
600 564 672 628 mihi
692 565 785 648 magis
804 562 955 647 primitive
974 562 1108 636 videtur,
1132 578 1203 644 quae

99 667 136 732 ad
156 667 412 752 pronunciandum
433 665 552 731 facilior
573 676 631 742 est,
656 686 751 748 neque
769 665 947 727 Buttmanno
968 664 1077 727 accedo
1097 661 1203 747 princid

99 768 156 855 piis
179 768 309 853 duplices
331 769 514 854 assignantis
535 755 614 854 ιιΤο,
636 755 721 848 «ἧι-ι,
740 753 811 845 κ-λὲ,
832 746 906 846 mne,
930 782 1056 848 querum
1078 766 1201 850 primun

67 888 71 896 ·
99 872 135 935 ab
159 891 212 935 ore
235 870 418 935 Graecorum
439 889 562 956 prorsus
585 870 738 945 abhorret,
761 870 814 933 sed
835 868 933 952 potius
955 870 1097 955 ἔμολον,
1120 871 1203 934 ἔθα-

98 993 179 1054 κακ,
214 973 395 1057 primitivam
424 972 508 1037 verbi
537 973 666 1057 speciem
695 982 922 1055 repraesentare
951 981 1062 1034 statuo.
1114 958 1204 1054 Κριῖξ

98 1075 229 1139 fortasse
251 1075 399 1139 sermonis
421 1074 530 1159 plebeji
550 1086 582 1139 et
603 1074 708 1139 cornici
730 1073 904 1137 vocabulum
928 1083 990 1149 est,
1014 1073 1094 1136 idem
1116 1071 1203 1157 signi·

99 1177 192 1240 licens
214 1177 289 1261 quod
311 1177 428 1261 κέκραξ
449 1177 538 1239 Drae.
560 1198 589 1259 p.
610 1175 669 1252 51,
687 1175 739 1241 12.
765 1176 888 1239 Lasoar.
906 1175 1039 1239 Gramm.
1064 1197 1095 1259 p.
1114 1176 1151 1238 D.
1168 1173 1200 1236 ii.

99 1272 265 1365 quanquam
285 1279 459 1364 Spitznems
483 1278 518 1340 de
537 1278 660 1342 Prosod.
681 1300 710 1361 p.
729 1275 783 1341 40.
809 1288 841 1341 et
859 1276 912 1340 45.
936 1300 990 1361 pro
1014 1278 1071 1341 hoc
1093 1275 1203 1361 τέτραξ

104 1381 261 1465 supponit,
290 1402 344 1464 pro
366 1380 419 1443 illo
443 1370 550 1465 Θρᾷξ,
578 1381 654 1464 quod
676 1400 845 1444 vereorsue
867 1401 885 1443 a
906 1381 1059 1463 proposito
1082 1379 1203 1442 alienius

98 1481 155 1558 sit,
187 1483 291 1567 qnippe
314 1503 469 1546 commune
499 1483 612 1545 dnobus
641 1483 801 1566 generibus
830 1494 860 1546 ct
884 1493 990 1545 natura
1014 1481 1201 1566 bisyllabun.

99 1582 199 1648 Schol.
226 1585 332 1670 Odyss.
356 1584 412 1646 Xl.
436 1581 511 1648 408.
543 1584 708 1672 βέβακται
735 1577 986 1670 πεφλιιιῖρηται,
1019 1588 1127 1650 ἔνθεα
1152 1579 1204 1648 καλ

97 1677 162 1774 pici&
183 1683 202 1751 ὁ
224 1679 378 1774 κριῖκιης,
401 1707 454 1770 pro
477 1708 534 1770 qno
556 1687 656 1750 Schol.
673 1685 793 1750 Mediol.
818 1683 930 1773 βαβαξ
953 1696 985 1747 ut
1008 1686 1095 1748 Scin.
1117 1680 1203 1770 παριλ

97 1786 137 1854 τὸ
157 1782 248 1877 βιῖζιι
271 1783 337 1877 pini}
363 1789 419 1854 noi
447 1787 532 1872 κατιῖ
557 1781 876 1873 α’ναιλιιιλιισιασμόκ
903 1781 1027 1875 (deifice.
1071 1787 1203 1851 Nominis

98 1885 189 1969 ned}
207 1890 352 1975 pluralem
374 1887 499 1962 πκιέκες
524 1890 725 1973 exsiguarunt
750 1902 870 1954 veteres
891 1889 1130 1974 Leuicographi,
1159 1909 1203 1952 an·

100 1994 253 2058 cusativus
274 1984 388 2058 πτιῖκα
412 1991 522 2075 legitur
547 1992 623 2074 apud
643 1990 824 2077 Aeschylum
849 2003 986 2075 correpta
1014 1992 1116 2074 priore
1138 1994 1203 2076 jun·

99 2106 222 2178 ctusque
239 2094 387 2177 adJectivo
404 2093 566 2169 leminin03
592 2115 678 2177 quam
698 2095 818 2177 generis
838 2097 1032 2158 mutationem
1048 2093 1202 2158 Passotius

96 2197 129 2260 in
152 2217 241 2260 causa
263 2196 356 2259 fuisse
378 2206 480 2279 putat,
511 2217 565 2259 cur
587 2195 671 2278 alpha
695 2205 799 2260 contra
820 2198 966 2261 rationem
990 2196 1199 2280 corriperetur.

96 2296 210 2362 Verum
233 2298 387 2362 enimvero
411 2320 520 2361 nomen
543 2298 664 2362 verbale
686 2290 788 2378 ιιτιῖξ,
811 2301 891 2364 sicut
909 2295 1025 2382 ἅρπαξ1
1042 2294 1203 2385 (ἅρπαγες

96 2392 198 2486 αὖραι
219 2398 320 2464 Noun.
344 2399 453 2464 XLVI.
479 2400 571 2487 351.)
602 2412 633 2465 et
661 2401 760 2464 onnia
791 2401 878 2487 hujus
907 2413 1014 2476 notae,
1050 2402 1202 2485 utriusque

96 2501 220 2588 generis
241 2514 347 2567 natura
374 2504 521 2588 particeps
544 2515 608 2580 est,
641 2525 737 2587 neque
761 2524 888 2587 unquam
918 2526 983 2567 cum
1006 2525 1122 2586 genere
1144 2518 1202 2567 mn·

95 2617 178 2670 tatur
198 2607 353 2690 prosodia,
377 2628 412 2673 ao
434 2607 548 2670 vocalis
571 2607 671 2670 brevis
695 2617 741 2669 est
762 2606 797 2669 in
817 2599 1074 2682 uncomcoooin„
1087 2607 1135 2670 cui
1157 2626 1201 2670 co·
1229 2620 1234 2627 ·

96 2718 218 2792 gnatum
238 2708 358 2770 videtur
379 2708 552 2769 adverbium
571 2701 736 2780 moeotides
753 2707 936 2792 Theognost.
955 2709 1056 2771 Crem.
1074 2708 1113 2771 lt.
1132 2705 1198 2772 163.

95 2805 234 2893 Hedum
267 2808 347 2889 (cod.
377 2808 530 2893 Πρακες)
563 2808 728 2892 Stephanus
758 2808 790 2869 in
820 2810 986 2893 catalogum
1018 2810 1199 2874 ethnicorum

94 2911 211 2974 referre
234 2928 294 2973 non
318 2908 418 2971 omisit
439 2931 465 2972 s.
486 2909 657 2998 Πρακίιιι,
680 2906 741 2975 odo
763 2906 889 2996 Πράκα
912 2912 1000 2975 Paus.
1021 2912 1073 2975 lll.
1096 2910 1150 2987 20,
1169 2909 1196 2974 8.

96 3023 245 3096 correpta,
269 3011 295 3074 si
318 3019 472 3074 accentum
493 3014 657 3096 sequimur,
681 3013 801 3096 priore3
831 3015 882 3076 sed
905 3036 957 3097 pro
974 3009 1118 3098 Πρακες
1133 3004 1220 3079 ἕλικ’

97 3138 158 3202 φοι
185 3112 317 3198 Hesych.
348 3116 411 3198 jam
440 3114 559 3198 priores
586 3115 726 3179 viderunt
755 3113 875 3200 πρόκες
903 3117 1093 3179 scribendum
1122 3135 1198 3183 esse.

95 3212 167 3292 Διίξ
184 3215 310 3307 affertur
330 3237 348 3279 a
370 3217 494 3281 Lasceri
514 3217 646 3281 Gramm.
671 3235 701 3301 p.
722 3218 759 3279 D.
781 3221 815 3280 ii.
841 3219 924 3302 cujus
946 3219 1070 3301 pluralis
1093 3219 1125 3282 in
1146 3234 1197 3290 usu

95 3328 143 3382 est
159 3308 269 3389 Λιέκες
288 3327 318 3380 et
337 3312 455 3394 Σιῖκες.
486 3316 577 3404 Θρᾷξ
599 3341 653 3382 our
670 3320 766 3383 Draco
788 3320 1036 3404 praetermiserit,
1062 3332 1094 3384 et
1115 3312 1197 3404 κλᾷξ,

95 3439 184 3482 causa
206 3419 237 3481 in
259 3431 373 3502 aperto,
398 3424 450 3485 sed
472 3424 580 3486 addere
600 3433 717 3505 poterat
733 3415 814 3499 Ῥιὶξ
834 3421 950 3485 insulae
972 3444 1082 3485 nomen
1101 3444 1118 3486 a
1137 3420 1219 3485 Ste'

94 3521 198 3607 phano¹
212 3522 373 3604 memoriae
394 3526 541 3610 proditum
568 3534 600 3586 et
620 3525 747 3587 fortasse
771 3523 971 3607 compluscula
992 3525 1071 3601 nlia3
1095 3513 1197 3601 ,Kodt

92 3618 178 3712 γιξλιι
208 3618 326 3689 λευκόν
350 3625 477 3711 Hesych.
511 3628 595 3710 cujus
623 3638 707 3689 arcta
735 3614 875 3691 est'cnm
904 3627 1051 3710 adjectivo
1080 3619 1195 3712 κνηκός

93 3747 148 3791 seu
169 3718 291 3799 κνακός
313 3723 469 3812 cognatio,
500 3730 661 3812 eodemque
684 3730 815 3813 pertinet
837 3728 994 3812 Porphyrii
1019 3729 1194 3815 interpreta-¹

92 3831 136 3893 tio
158 3851 205 3913 ap.
224 3828 351 3913 Bentlej.
371 3826 426 3913 Ep.
447 3833 482 3894 ad
501 3831 576 3894 Mill.
601 3853 631 3914 p.
651 3821 725 3895 493.
750 3818 871 3907 καλε-ὁ
893 3813 1015 3919 τρᾶγος
1037 3820 1117 3898 αγκτλ
1137 3826 1193 3899 τοῦ

92 3924 238 3998 eodone.
287 3931 366 3994 ldem
396 3931 567 4017 Hesychius
592 3926 727 4027 Βριέκιρ
753 3928 963 4016 ἀναξυρίδες,
1000 3956 1077 4017 quae
1106 3935 1211 4018 vulgc'

90 4028 201 4121 βριῖκη
228 4042 261 4098 et
287 4032 417 4097 dracone
445 4035 595 4098 dicuntur.
647 4035 782 4099 Tertium
811 4046 859 4100 est
885 4036 904 4101 λ
1158 4030 1195 4107 ιλ·
