2506 4492
35 156 41 175 '
74 174 175 290 suot
340 144 343 157 ’
465 185 785 254 orsssarsrro
810 186 856 255 α.

103 371 140 437 de
162 371 275 438 intera.
299 368 397 432 affect.
425 389 456 452 p.
480 366 555 434 525.
585 371 622 435 αἱ
641 378 759 455 πνῖγος
782 367 930 431 Aretaens
954 366 990 431 le
1013 365 1098 452 Sign.
1125 366 1202 432 niu.

50 555 52 559 Ι
103 469 308 546 11.13,183.
332 471 469 535 Dioscor.
487 470 511 534 l.
530 468 584 546 30,
605 468 658 534 60.
684 470 791 533 Galen.
816 470 851 532 de
873 468 975 532 Antid.
996 468 1034 532 11.
1057 467 1112 546 13,
1133 451 1202 534 181.

102 575 138 641 Τ.
153 573 237 637 XIV.
256 583 315 637 etc.
339 574 390 637 sed
410 572 502 636 multo
523 572 621 636 rarius
641 583 688 636 est
708 569 731 658 ἦ
753 564 857 659 αγιγή
885 570 968 634 Philo
991 570 1075 652 Quod
1104 572 1202 635 mund.

101 677 217 751 incorr.
235 698 265 761 p.
282 673 357 740 061.
373 676 409 738 Ε.
433 671 589 764 ὕστερικῇ
611 674 716 764 παιγῄ
736 673 819 737 Paul.
836 673 945 757 Aegin.
965 672 1016 736 111.
1037 672 1090 738 70.
1129 673 1203 738 llaec
1237 686 1240 707 ²

102 789 202 844 autem
229 778 327 841 omnia
353 777 473 863 generis
494 775 629 840 feminini
656 761 728 843 sunt
752 786 873 860 practer
895 777 939 855 ἴξ,
970 777 1046 859 quod
1068 775 1204 840 masculi·

102 903 173 945 num
203 901 269 944 esse
296 901 357 944 non
385 880 481 944 solum
510 877 701 962 cognoscitur
728 900 768 942 ex
789 878 941 942 Alcmanis
970 899 1063 942 versu
1087 878 1203 963 Fragm.

103 982 243 1047 CXXIV.
267 980 496 1050 occultavero
511 978 572 1047 σὸα
593 977 787 1068 ὀφθαλμῶν
808 974 961 1065 ὀλετῆρα,
983 980 1036 1045 set
1056 979 1148 1044 etiam
1167 999 1204 1044 ex

101 1107 213 1171 genere
236 1085 369 1148 affinium
388 1084 621 1149 vermiculorum
644 1085 698 1170 ἴψ,
720 1079 823 1169 θρίψ,
845 1080 906 1162 αίς,
930 1074 1002 1168 σφ’ς,
1021 1073 1112 1171 φήα,
1135 1101 1204 1167 quae

101 1209 190 1273 qurum
212 1187 355 1251 universa
382 1207 476 1270 genus
499 1186 628 1250 nominis
651 1177 775 1270 σκώληξ
797 1197 978 1268 sequantur,
1010 1206 1072 1247 non
1096 1185 1204 1249 dubita·

100 1310 167 1353 mus
194 1288 271 1352 idem
300 1287 433 1352 tribuere
459 1288 611 1352 vocabulis
639 1282 697 1373 δήξ
726 1297 757 1350 et
782 1279 883 1371 τρσίξ,
917 1308 991 1372 σασα
1013 1287 1146 1373 Tnelzes
1171 1285 1204 1350 ul

100 1391 172 1455 lies.
191 1391 264 1476 0pp.
284 1388 359 1455 418.
383 1390 444 1460 illis
466 1391 611 1476 adjungit.
646 1389 810 1454 Commune
834 1400 882 1454 cst
903 1388 974 1476 φίξ,
998 1391 1084 1474 cnjus
1108 1399 1204 1454 rectus

100 1513 188 1557 casus
210 1491 322 1576 legitur
342 1513 388 1577 ap.
410 1490 503 1556 Alex.
521 1492 652 1575 Aphrcd.
670 1492 770 1556 Prohl.
789 1491 813 1555 1.
831 1490 885 1557 40.
910 1503 941 1556 et
962 1493 994 1556 in
1017 1492 1120 1557 Gloss.
1145 1490 1203 1567 Ψίξ

98 1596 190 1659 mica.
224 1595 347 1659 Photius
361 1604 392 1658 et
409 1594 513 1659 Suidas
534 1591 635 1684 Ψίχες
656 1589 852 1681 σίρσεγικῶς·
876 1592 943 1662 ὅδὲ
962 1587 1132 1682 Θεολόγος
1148 1594 1206 1681 pli

98 1696 385 1784 παραδραμοῦσα,
407 1697 483 1780 quod
506 1697 555 1760 ubi
577 1697 695 1780 legatur
716 1718 819 1781 parum
842 1698 975 1774 memini,
1000 1699 1052 1762 sed
1074 1694 1133 1772 δὸς
1151 1695 1204 1782 φί-

100 1824 161 1891 χας
182 1795 360 1888 σίλλοτρίας
381 1798 502 1883 scripsit
521 1799 553 1861 in
577 1798 677 1861 Carm.
698 1798 807 1862 XLlll.
832 1820 861 1883 p.
883 1798 956 1862 111.
980 1801 1017 1864 D.
1043 1801 1203 1884 eodemque

97 1904 185 1968 modo
207 1908 243 1970 ot
264 1901 361 1990 ψίχας
381 1902 529 1965 Aretaeus
552 1899 626 1962 Cur.
644 1900 734 1964 Acut.
755 1899 794 1963 11.
817 1900 870 1979 10,
890 1901 966 1969 290.
990 1903 1145 1966 Plutarch.
1169 1904 1202 1968 da

99 2005 229 2069 Profect.
249 2003 328 2066 Virt.
352 2022 381 2085 p.
405 1998 480 2067 248.
504 2001 539 2064 T.
565 2000 630 2065 Vll.
653 2001 744 2065 Alex.
763 2003 855 2067 Trall.
879 2003 905 2069 1.
932 2003 990 2081 14,
1014 2001 1068 2068 60.
1095 2003 1147 2068 Vl.
1171 2003 1202 2078 1,

96 2105 173 2172 272.
198 2103 335 2167 Eustalh.
353 2102 448 2186 Epist.
466 2102 503 2167 V.
523 2101 599 2180 312,
621 2102 675 2168 42.
700 2104 799 2168 Ασοσ.
818 2105 981 2193 Progymn.
1005 2112 1039 2191 p.'
1052 2103 1130 2182 646,
1151 2103 1201 2169 16.

96 2207 130 2270 in
153 2205 239 2269 Rhct.
259 2204 367 2268 Gracc.
392 2204 427 2266 T.
447 2203 470 2267 l.
494 2204 608 2268 Anccd.
627 2205 723 2269 B'elrlr.
746 2205 822 2283 461,
845 2207 899 2274 25.
924 2207 1055 2293 Hesych.
1080 2229 1108 2272 s.
1128 2204 1203 2276 ’Au-

95 2305 253 2399 σάραχοι,
280 2307 385 2390 quihus
408 2306 482 2370 locis
504 2308 723 2393 paroxytonum
747 2321 794 2374 cst
815 2320 850 2374 ut
871 2321 902 2373 et
924 2309 1031 2373 Galen.
1056 2313 1092 2374 de
1115 2297 1203 2375 Prae·

97 2423 160 2476 not.
185 2413 221 2478 ad
243 2410 330 2495 Epig.
355 2431 383 2473 c.
403 2406 468 2499 10,
490 2406 564 2476 652.
589 2411 624 2473 Τ.
649 2410 731 2474 XlV.
756 2412 841 2475 Paul.
864 2412 940 2496 Aeg.
965 2412 1016 2476 lV.
1041 2412 1103 2489 21,
1129 2412 1199 2476 141.

96 2526 128 2580 et
149 2513 345 2591 femininum,
367 2513 421 2578 sed
438 2509 523 2606 vcosla
543 2510 647 2603 ψίχας
669 2513 866 2602 ἐψφθίασας
887 2513 978 2580 Alex.
1003 2514 1097 2579 Trall.
1121 2513 1199 2583 Vttt.

96 2617 133 2693 1,
163 2615 238 2681 301.
272 2627 303 2680 et
329 2617 470 2699 producta
498 2615 598 2700 priore
629 2615 756 2700 Gregor.
787 2616 887 2680 Carm.
917 2614 966 2680 Ll.
996 2638 1025 2701 p.
1057 2614 1131 2680 132.
1164 2608 1224 2679 G.

95 2720 208 2783 Verum
230 2716 318 2801 hujus
341 2726 445 2799 poetae
467 2716 630 2779 auctoritas
652 2717 753 2793 nulla,
777 2728 809 2780 et
830 2730 948 2795 cetera,
973 2739 1048 2802 quae
1070 2739 1127 2802 per
1145 2703 1203 2808 ff

95 2818 293 2892 declinantur,
317 2818 379 2879 iota
399 2817 491 2878 hreve
513 2815 636 2893 hahent,
661 2817 783 2901 longum
806 2840 879 2882 vero
902 2841 977 2903 quae
999 2806 1096 2908 perp
1119 2832 1149 2884 et
1167 2807 1201 2900 α,

94 2931 221 3006 excepto
244 2916 397 3006 gentilicio
414 2914 548 3003 Βρίγες,
571 2918 597 2982 si
620 2919 737 3003 quidem
759 2940 776 2982 a
796 2919 932 2986 Dracone
954 2932 1086 3001 stamu83
1113 2925 1201 3008 Bpo-

91 3022 148 3114 γοί
175 3035 275 3087 tamen
305 3030 335 3085 et
362 3021 511 3106 Βραγηΐς
539 3020 672 3084 vocalem
704 3021 822 3106 longam
854 3022 973 3088 hahent.
1026 3022 1124 3088 Unum
1154 3034 1200 3092 est

94 3127 170 3210 quod
192 3145 353 3189 consonam
377 3123 485 3197 variat,
509 3119 574 3207 φίξ,
596 3144 707 3189 nomen
729 3125 877 3188 boeotium
901 3137 935 3189 ut
954 3126 1137 3192 Scholiasta
1157 3127 1200 3192 ait

93 3228 130 3292 acl
146 3226 266 3290 Hesiod.
284 3226 339 3289 Th.
357 3223 431 3291 326.
456 3225 588 3289 doricum
609 3235 643 3288 ut
659 3225 766 3290 Festus
788 3248 813 3290 a.
831 3226 988 3311 sphinges.
1009 3229 1095 3293 Plato
1112 3230 1196 3294 Crat.

91 3353 122 3416 p.
146 3327 221 3392 414.
245 3329 282 3391 ll.
307 3322 385 3394 σίγτλ
408 3323 526 3415 σφιγὸς
548 3324 672 3415 σφίγγα
693 3328 869 3409 καλοῦσιν,
891 3329 941 3391 ubi
964 3329 1121 3401 Behkerus
1143 3353 1198 3418 pro

93 3423 210 3519 σφιγός
235 3430 356 3513 scripsit
381 3422 512 3517 φιγγός,
542 3451 595 3514 pro
619 3428 743 3518 σφίγγα
768 3433 832 3495 cot.
857 3429 940 3517 φίκα
962 3432 1105 3510 exhihct3
1139 3434 1198 3498 He·

91 3533 214 3621 sychius
236 3529 343 3604 Βίκας
365 3531 508 3619 σφίγγας
530 3543 561 3598 et
582 3529 668 3620 Φίγα
689 3533 788 3620 φίαα,
815 3532 957 3621 σφίγγα,
988 3554 1115 3620 quarum
1136 3538 1198 3600 for·

91 3658 206 3702 marum
228 3656 282 3708 ea,
309 3654 383 3717 quac
404 3634 546 3720 syllabam
570 3636 762 3720 penultimam
783 3635 930 3720 positione
953 3634 1071 3720 longam
1095 3636 1195 3713 hahet,

91 3761 148 3824 quo
171 3747 296 3802 accentu
319 3736 418 3799 notari
439 3739 561 3815 debeat,
590 3738 714 3802 difficilis
736 3749 784 3802 cst
805 3739 996 3822 cognitionis.
1037 3739 1197 3824 Theogno·

91 3852 155 3905 stus
178 3839 279 3904 (iram.
302 3838 339 3901 T.
357 3834 396 3900 11.
419 3859 449 3922 p.
465 3838 519 3903 41.
544 3850 575 3903 et
594 3839 667 3905 132.
691 3852 811 3926 praeter
833 3840 906 3905 hacc
928 3841 1015 3905 affert
1035 3838 1129 3928 τρίγξ
1148 3840 1197 3908 εἶ·

90 3942 148 4018 οος
169 3939 289 4031 ὀραέοα
311 3937 393 4028 ὅπερ
415 3943 505 4015 τινὲς
528 3941 587 4009 καί
606 3939 662 4010 διαί
682 3943 745 4014 coci
761 3929 786 4008 2
804 3939 974 4030 γράφουσι
996 3944 1104 4025 σσλίξ,
1136 3967 1195 4029 quo

90 4047 194 4121 nescio
220 4045 289 4130 quid
316 4042 479 4130 significari
506 4045 601 4130 possit
628 4045 697 4112 nisi.
710 4047 813 4122 stralo,
846 4046 932 4132 cnjus
955 4047 1095 4132 exemplo
1118 4047 1196 4113 Ver·
