2506 4492
51 206 54 271 p
272 160 330 225 tttt
359 157 522 225 Nottttt.
551 157 724 225 MONOS.
756 157 792 223 (l.
815 159 840 224 l.
869 162 897 245 ξ.
919 161 952 226 3.
1122 164 1175 231 711·
1220 238 1224 243 ,

79 336 188 404 latirum
208 347 395 425 oxytonnma
426 334 471 412 cic
492 328 644 424 διήλλαξε
662 338 740 425 περ1
759 336 807 405 τό.
819 333 1095 429 σημαινόμενον,
1116 342 1169 410 tic·

74 439 179 529 ρλλοξε
203 439 261 507 καὶ
280 439 359 526 περὶ
378 437 443 526 τήν
464 436 590 520 κλίσιν,
619 441 698 523 quotl
723 441 855 525 pertinet
880 443 918 507 ab
944 448 1050 509 notum
1077 466 1168 511 cano·

70 565 132 609 nem
148 539 240 610 ὅπου
256 547 304 617 εἰς
324 541 362 610 ἓν
379 537 587 629 ἡμάρτηται,
605 534 799 629 ἡμάρτηται
815 542 877 613 acl
888 546 936 618 ele
953 539 1035 613 ἄλλο
1050 546 1167 613 Anectl.

67 669 94 733 p.
113 643 208 711 1196.
244 646 290 710 Ac
311 645 559 710 macrocatalecta
578 644 631 709 illa
653 644 735 711 nulla
756 645 834 710 ratio
856 656 904 711 est
925 668 980 711 cur
1000 649 1168 721 dubitemus

63 770 116 835 per
140 770 248 813 omnes
277 769 363 813 casus
391 747 536 813 declinari
562 747 714 833 potuisse,
744 748 798 813 sed
821 768 943 825 eorum,
974 770 1049 835 qnae
1076 772 1169 815 unum

64 862 178 937 tempus
204 850 334 927 hahent,
366 850 466 916 nullae
493 848 657 937 probantur
682 852 815 926 formae,
847 848 907 915 nisi
933 870 1008 935 quac
1035 853 1169 936 pluribus
1244 886 1251 913 i

63 964 204 1019 mactant
221 953 347 1039 syllabis
368 953 433 1055 nipe
454 953 628 1018 declinando
650 952 716 1019 sive
735 952 937 1038 componendo
959 953 1086 1019 effectis.
1116 954 1169 1019 111-

62 1056 147 1121 enim
174 1055 342 1121 communis
371 1057 554 1121 consuetudo
584 1066 615 1122 et
644 1054 912 1120 Grammaticorum
941 1055 1105 1123 auctoritas
1134 1078 1166 1121 v.

60 1156 167 1246 Etym.
189 1148 243 1223 hl.
263 1178 294 1243 p.
317 1155 399 1234 446,
420 1157 476 1224 24.
513 1156 595 1236 635,
617 1157 671 1224 21.
709 1156 867 1236 869,23.
903 1159 1013 1223 Arcad.
1037 1181 1067 1245 p.
1092 1156 1166 1225 193.

61 1261 182 1327 nullum
203 1261 264 1325 fert
284 1261 522 1346 monosyllabum
545 1263 603 1326 nisi
624 1272 677 1325 aut
699 1271 806 1325 natura
828 1272 881 1324 aut
901 1261 1048 1345 positione
1070 1260 1169 1325 inten-

61 1374 145 1441 tum,
179 1373 301 1447 praeter
327 1364 473 1427 aeolicum
499 1359 572 1430 nolu
600 1374 630 1428 et
657 1364 762 1427 hterae
791 1357 857 1429 οοίν
886 1383 995 1426 nomen
1021 1364 1168 1440 doricum,

60 1475 242 1551 praeterque
260 1464 425 1531 numeralia
445 1477 477 1532 et
494 1467 683 1552 pronomina,
707 1487 833 1549 quorum
851 1463 883 1528 in
903 1466 1038 1529 omnihus
1058 1466 1169 1550 linguis

61 1566 192 1633 liberior
215 1564 313 1644 fictio,
347 1569 363 1633 ἴ
385 1568 451 1631 sive
479 1574 497 1633 ἴ
520 1591 553 1633 v.
575 1569 667 1632 Drao.
693 1567 852 1644 166,14.
880 1565 948 1647 τίς,
976 1575 1015 1632 ἕν
1042 1577 1075 1631 et
1100 1568 1169 1647 tto,

63 1690 119 1755 quo
142 1669 334 1733 Democritus
356 1690 429 1733 usus
451 1680 499 1733 est
519 1669 671 1733 Plutarch.
696 1692 724 1733 c.
746 1670 812 1733 Col.
835 1669 886 1733 lV.
910 1668 983 1733 143.
1007 1666 1058 1754 μή
1079 1670 1171 1755 μᾶλ-

63 1773 124 1839 λον
145 1769 186 1838 τὸ
208 1768 311 1858 31νῆ
332 1773 370 1838 cb
393 1767 493 1838 οὐδὲν
513 1772 618 1854 εἶναι,
647 1782 679 1836 et
699 1770 828 1836 Alcaeus
849 1771 968 1855 Fragm.
992 1770 1167 1835 LXXXIX.

62 1872 117 1941 62.
149 1869 252 1940 οὐδὲν
272 1878 309 1940 ἐν
330 1871 425 1949 ὃενὸς
445 1875 597 1963 γένοιτο,
627 1886 753 1959 uterque
780 1874 813 1937 in
834 1872 993 1948 antithesi,
1026 1873 1063 1939 te
1086 1874 1171 1958 cujus

63 1976 186 2041 licentia
209 1975 273 2039 dixi
294 1977 331 2040 ad
351 1975 401 2063 Aj.
421 1999 452 2042 v.
470 1978 525 2043 24.
546 1980 583 2042 atl
600 1978 715 2063 Phryn.
733 1974 808 2041 563.
841 1974 954 2040 Verum
976 1974 1033 2038 hoc
1053 1994 1170 2059 quoque

64 2080 98 2143 ab
127 2099 187 2145 usu
217 2079 390 2161 quotidiano
417 2090 564 2144 remotum
593 2090 641 2144 est
668 2080 838 2164 pariterque
866 2077 1013 2141 aeolicum
1040 2069 1113 2144 ποῖν
1140 2064 1179 2142 οἱ

64 2174 148 2269 subp,
173 2182 251 2266 quod
272 2181 371 2266 paullo
392 2193 464 2246 ante
484 2181 681 2267 protulimus,
706 2193 737 2246 et
757 2173 837 2261 πός,
864 2181 949 2266 cujus
970 2180 1002 2244 in
1025 2181 1171 2265 proximis

66 2285 122 2349 crit
138 2285 267 2347 mentio.
296 2283 399 2367 Itaque
416 2278 508 2359 ολολς,
532 2284 609 2368 quod
622 2284 765 2348 Matthiae
781 2283 914 2346 Gramm.
933 2284 961 2366 ἕ.
978 2281 1032 2348 92.
1048 2307 1077 2369 p.
1093 2282 1169 2351 253.

66 2396 205 2471 tanquam
227 2386 370 2450 usitatum
391 2387 497 2463 affert,
520 2387 617 2472 ipsum
640 2407 701 2457 non
722 2385 833 2468 legitur
854 2385 906 2448 setl
928 2405 1014 2448 casus
1036 2385 1172 2467 hisyllabi

67 2486 177 2570 κλαδί,
201 2481 325 2566 ebobio,
350 2481 501 2568 κλάδεσι,
527 2483 668 2559 aldrice·
703 2507 759 2549 noc
780 2486 815 2547 ab
839 2486 971 2568 ejusdem
993 2495 1082 2546 notae
1104 2505 1172 2548 ver·

69 2590 111 2655 bis
139 2601 343 2675 propagantur
371 2592 493 2654 nomina
523 2581 606 2676 βάς,
636 2584 735 2664 στάς,
765 2577 854 2658 corde
886 2597 945 2650 etc.
981 2585 1033 2647 sed
1064 2584 1174 2669 obliqui

69 2685 173 2760 οτοῖδα
193 2691 320 2778 λίμνην
339 2713 370 2756 v.
388 2694 416 2776 g.
434 2692 465 2757 1.
486 2702 518 2756 et
535 2690 697 2776 composita
712 2683 899 2777 βονοτοέὃες
917 2680 1018 2754 αὐλοί
1034 2684 1171 2772 Sophocl.

70 2792 129 2858 lon.
139 2793 191 2857 Fr.
202 2793 240 2858 ll.
256 2794 447 2883 (uenatu)
461 2786 661 2884 χοροστοίδες
675 2789 790 2881 ἑορταί
803 2790 920 2855 Gallim.
934 2785 1095 2864 σοοτάδες
1108 2783 1173 2877 οἵμ-

71 2898 164 2964 πελοι
180 2918 214 2961 v.
231 2896 406 2959 Schneider.
420 2897 498 2961 Lex.
513 2896 567 2961 Gr.
587 2897 662 2981 qnod
680 2896 757 2980 apud
772 2894 954 2980 Hesychinm
972 2894 1174 2978 reponendum

73 3019 121 3081 pro
142 2993 268 3072 ‘Yocc'e
288 2994 312 3082 ἦ
333 2997 452 3066 δασεῖα
473 2993 627 3086 ἄμπελος
651 3010 682 3063 et
701 2992 824 3070 ’Υοοᾶς
844 2992 977 3070 maccus
1000 2990 1173 3081 α’μπὲλων,

75 3100 266 3184 similiterque
285 3101 411 3185 figurata
426 3094 575 3189 προστάς
591 3102 771 3167 vestibulum
789 3111 820 3164 et
835 3098 1042 3185 prostibulum,
1064 3121 1175 3185 παρα-

76 3195 163 3283 ccoic,
186 3224 228 3267 ex
249 3202 570 3290 qu0Wyttenbachius
592 3207 628 3270 ad
648 3205 713 3269 Ecl.
732 3203 810 3267 Hist.
830 3224 860 3287 p.
879 3197 954 3265 356.
979 3222 1088 3266 nomen
1106 3228 1175 3270 νοον-

79 3297 151 3378 οοοίς
176 3304 332 3369 concisum
356 3317 459 3391 putat,
492 3309 545 3372 setl
571 3320 618 3374 est
641 3307 739 3394 potius
764 3326 783 3369 a
803 3295 932 3379 ποοτός
954 3304 1175 3370 denominatum

81 3597 153 3675 epte,
171 3611 198 3661 id
216 3618 257 3662 est
273 3613 452 3681 προσφέρεται
469 3613 525 3664 sive
541 3608 657 3683 ἐμφερής
669 3611 737 3676 ἔστι,
755 3611 885 3664 sententia
902 3612 972 3663 nnllo
988 3614 1076 3676 modo;
1095 3613 1175 3663 nesci-

83 3705 130 3744 mus
146 3695 223 3757 enim,
243 3705 332 3747 utrum
350 3698 380 3748 de
396 3697 554 3750 Phaethonte
573 3713 652 3750 aureo
670 3715 702 3750 an
721 3700 752 3749 rte
769 3713 834 3748 auro
852 3698 983 3764 splendido
1000 3699 1036 3748 sit
1052 3699 1175 3763 loquutus

84 3785 105 3829 et
123 3779 256 3846 cujusnam
279 3783 438 3846 significetur
460 3792 545 3851 caput.
580 3785 665 3836 Schol.
684 3784 779 3835 Hecnb.
798 3784 859 3839 423.
882 3781 977 3838 κοινῶς
997 3782 1050 3849 μὲν
1072 3777 1088 3850 ἡ
1110 3769 1177 3845 serie

84 3858 192 3933 λέγιται,
215 3863 234 3935 ἦ
253 3865 282 3922 δὲ
299 3867 487 3940 τραγῳδία·τό
504 3866 594 3940 aphro
617 3870 652 3921 ci.
670 3871 795 3924 Matthiae
813 3871 846 3921 etl
864 3868 948 3921 Schol.
964 3866 1078 3918 Phocnn.
1097 3863 1173 3916 1159,

86 3946 193 4005 Simmiae
216 3970 307 4005 nomen
329 3972 375 4022 pro
395 3956 523 4009 Simonide
545 3957 661 4023 reposuit
681 3959 852 4011 Ruttmaunus
871 3954 985 4007 Gramm.
1008 3949 1032 4016 §-
1053 3949 1095 4002 58·
1113 3948 1173 4006 228·

86 4032 113 4086 tl·
124 4036 317 4094 Schneidewin.
336 4042 369 4094 ad
386 4042 482 4097 Simon.
501 4059 525 4111 p.
545 4043 590 4097 88.
