2506 4492
120 131 122 134 ⁷
236 187 296 255 nn
323 145 515 256 unirer.
544 182 759 258 turoam.
792 184 883 258 nv.
912 190 942 292 p.
964 187 996 256 t.
1093 191 1162 262 nra

55 364 297 456 utpototoafl)
322 379 382 434 eto.
406 375 438 434 et
458 351 669 452 praepositioni
690 366 826 454 copulata
844 368 976 447 ἔναλος,
997 362 1162 458 πάραλος,
1179 450 1180 454 ¹

55 469 223 549 κάθαλος,
251 471 355 556 quibus
377 471 525 535 adsistunt
548 491 622 560 quae
645 470 835 537 Grammatici
861 473 899 535 ad
920 473 1090 568 parathesiu
1111 493 1162 538 re·

56 575 252 661 feruul¹³),l
237 565 380 655 ἐνάλιος,
401 569 564 662 παράλιος
580 584 637 638 eto.
685 558 724 638 llt
745 573 791 638 his
813 576 987 658 supervenit
1001 562 1160 653 άναλτος,

59 676 136 763 qaod
159 677 235 762 aputl
257 677 463 762 Hippocratem
484 677 601 764 saepius
624 677 736 762 legitur
757 698 810 761 pro
832 671 1024 758 α’νάλισπος,
1051 698 1163 743 nomen

57 781 153 845 exlex
176 791 208 844 et
233 779 474 863 incomparabile.
526 779 667 867 Hesychii
697 781 797 865 glossa
811 769 950 866 Ἅμαλα
977 804 1042 867 την
1071 779 1162 871 ναῦν

56 877 126 950 άπό
154 883 217 950 τοῦ
247 879 344 970 oppio
371 879 436 968 τήν
466 877 531 949 άλα
552 873 721 972 Αξοχάλος
744 883 883 970 Πρωτεῖ
907 882 1041 968 (Fragm.
1071 879 1163 967 198.)

57 985 83 1050 si
105 987 157 1049 vel
178 985 309 1049 maxime
329 983 449 1070 integra
470 994 533 1066 est,
555 995 656 1049 tamen
677 985 895 1074 nominativum
915 981 1028 1073 άμαλς
1050 986 1082 1051 in
1104 1005 1162 1051 usu

57 1087 168 1165 fuisse,
189 1086 331 1152 indicium
352 1107 414 1151 non
435 1086 570 1173 praehet.

520 1529 629 1584 GAP.
666 1529 699 1583 V.

232 1683 282 1750 lle
305 1684 520 1750 nominibus
541 1683 580 1749 in
597 1665 994 1782 {ctist-exeuntibus.

563 1855 592 1939 §-
616 1853 649 1919 1·
987 1865 991 1871 “
1059 1922 1061 1933 ,
1104 1840 1139 1905 (3

133 1969 292 2036 Nominum
314 1972 346 2035 in
367 1976 384 2048 ξ
407 1971 582 2037 exeuntium
604 1969 719 2035 nullum
740 1969 867 2055 reperiri
888 1969 1008 2055 generis
1023 1970 1160 2036 neutrius

58 2074 200 2139 universe
229 2075 408 2161 pronunciat
434 2076 536 2162 Etym.
569 2074 611 2138 M.
648 2096 674 2139 s.
700 2060 855 2161 Ἅλειφα,
886 2093 1009 2159 eamque
1029 2086 1161 2137 causam

59 2194 127 2240 esse
144 2171 297 2261 euryclia
315 2178 441 2239 dicatur.
481 2176 591 2254 Quodsi
607 2177 642 2239 de
656 2177 803 2257 omnihus,
827 2188 861 2241 ιιι
883 2177 1004 2241 credere
1026 2196 1079 2259 par
1100 2183 1160 2255 est,

58 2277 192 2341 dialectis
206 2276 299 2351 valet,
319 2275 394 2359 apud
407 2276 586 2360 Hesychium
607 2292 660 2358 pro
676 2277 790 2361 Κέραξ
807 2270 917 2353 τόξον,
941 2276 1073 2344 αἰάοῑον
1086 2275 1162 2341 scri·
1184 2297 1186 2301 ·

58 2379 186 2443 lendum
202 2388 248 2441 est
264 2377 372 2464 κέρας,
397 2398 453 2441 neo
474 2377 547 2440 ferri
565 2386 663 2460 potest
683 2375 723 2442 τὸ
747 2369 866 2466 οτοραξ
883 2399 909 2441 s
924 2375 1058 2465 οτάραξ,
1083 2377 1160 2462 quot

56 2479 275 2564 lexicographi
305 2480 408 2544 nescio
436 2479 512 2544 unte
541 2489 671 2542 sumtum
702 2480 870 2595 proferunt.
914 2480 959 2542 Ac
986 2476 1161 2562 singillatim

58 2583 299 2648 terminationem
321 2589 360 2660 αξ
381 2581 449 2645 huic
472 2580 632 2666 abjudicari
654 2581 757 2665 generi
779 2591 900 2665 apparet
921 2601 961 2644 ex
974 2578 1078 2665 regula
1091 2600 1160 2664 pro·

59 2685 237 2750 soliacaN
261 2684 313 2751 vt.
338 2683 413 2751 423.
437 2680 480 2752 τά
510 2687 557 2757 εἰς
585 2688 624 2759 αξ
651 2683 707 2750 ἐπὶ
732 2679 850 2769 μὲν’
825 2684 1009 2770 αρσενιιιῶν
1028 2705 1161 2770 ponpo-

58 2788 304 2874 ναταλρκτοιλοι
329 2788 385 2854 ναι
406 2781 675 2875 παροξάνονται,
687 2773 868 2874 ὁθάραξ,
891 2784 1022 2863 άολ·αξ
1046 2785 1104 2854 ἐπὶ
1124 2783 1162 2852 ‹tt

59 2888 220 2977 θηλυκῶν
240 2889 594 2982 βραχνιιαταλριιτοῦσι
611 2890 667 2957 uoti
680 2889 988 2978 προπερισπάνται,
1003 2915 1024 2974 ρ
1015 2880 1162 2965 αάλαξ,

57 2989 231 3082 ἤμειραξ.
277 2994 360 3076 Quot
382 2995 550 3059 accuratius
573 2993 712 3078 exposuit
732 2981 879 3078 Draoop
895 2990 947 3056 18
965 2990 1060 3055 cett.
1080 2990 1160 3056 huno
1216 2977 1238 3087 v*

57 3096 89 3161 in
110 3099 246 3162 molum.
270 3098 303 3161 in
325 3097 495 3184 disyllabis,
519 3117 609 3182 quae
616 3094 807 3180 penultimam
835 3105 941 3158 natura
962 3094 1084 3159 brevem
1107 3092 1159 3157 lta·

20 3226 22 3231 ·
58 3202 160 3276 beant,
182 3198 268 3264 modo
290 3199 411 3284 longum
433 3199 519 3283 alpha
539 3219 701 3285 apparere,
722 3200 809 3262 modo
830 3197 941 3261 breve·
966 3191 1083 3280 κόραξ,
1107 3188 1161 3263 νά

57 3300 128 3382 λαξ,
150 3295 267 3393 χάραξ,
290 3293 400 3391 ρόδαξ,
373 3295 519 3380 ξάναξ,
540 3296 636 3390 βόαξ,
665 3300 755 3377 νέαξ,
778 3293 910 3386 ὅμφαξ,
934 3297 1059 3385 φέναξ,
1081 3289 1160 3388 φάρ·
1228 3348 1233 3355 .

57 3409 129 3481 eos&
154 3423 280 3490 quorum
300 3425 376 3470 vero
395 3405 558 3490 penultima
578 3414 686 3468 natura
706 3404 797 3488 longa
817 3403 869 3478 sit,
893 3422 960 3466 oum
977 3419 1089 3488 genere
1106 3421 1159 3466 va-

60 3559 271 3574 *-

127 3641 173 3709 12)
191 3643 241 3710 Qut
259 3632 388 3712 εάράαλοο
408 3644 544 3705 dixerunt,
572 3659 620 3693 non
641 3644 805 3711 compositum
820 3658 877 3696 esse
897 3644 1079 3696 existimarunt
1100 3657 1157 3692 cum
1194 3664 1198 3671 ·

56 3717 139 3794 ἕλοις,
157 3728 203 3780 sod
215 3714 325 3799 simplex
336 3733 367 3782 ut
377 3725 495 3784 ωιιοαλος
508 3744 533 3779 v.
554 3728 639 3794 atnj.
657 3746 682 3783 v
697 3725 757 3783 708.

105 3813 175 3882 13)
194 3814 277 3866 Schol.
295 3816 326 3869 ll.
345 3821 379 3871 Ε.
400 3816 442 3875 19.
460 3808 630 3883 μεταμάζιον
645 3813 782 3884 παρῆκται
796 3812 873 3901 παρά
894 3836 926 3870 το
919 3805 1026 3885 μαζόν
1044 3819 1089 3867 nol
1107 3805 1158 3877 τήν

59 3895 160 3974 perol,
162 3898 199 3956 αι
221 3899 268 3955 ἐπὶ
285 3894 417 3968 χθονός’
403 3920 451 3956 επι
453 3898 581 3970 χθάνιοι,
605 3898 680 3968 παρά
700 3882 832 3970 ποταμόν
847 3895 1028 3969 ’παραποτάμι
1030 3909 1068 3952 οι·
1088 3897 1158 3962 γάνο-

57 4008 109 4044 ται
124 3983 178 4058 γάρ
196 3991 243 4042 καὶ
264 3981 321 4042 άπο
314 3983 391 4044 llo
413 3985 508 4055 λέξεων
526 3982 599 4043 κατά
617 3976 807 4060 παράθεσιν“
791 4007 820 4043 ιν
841 4008 870 4042 τι
890 3975 1052 4056 παράγαγον
1067 3975 1103 4036 ὥς
1121 3977 1156 4037 το
1242 4041 1245 4044 Α

58 4070 245 4144 Νιαπολίτηι.
299 4129 302 4134 ,

181 4189 183 4193 ,
885 4134 968 4203 13*μ
