2506 4492
67 190 139 261 dli)
419 184 734 255 nlssttlttatlo
769 183 829 255 lV·
897 254 901 261 .

70 373 179 458 quique
206 390 261 456 per
287 368 447 434 inmeritum
474 368 660 456 prospiciunt
684 377 886 455 prorepuntvo
912 386 994 431 nnnc
1022 359 1065 433 δι’
1092 361 1179 454 ὀπῆς

69 471 233 555 decadum
252 473 303 536 vol
325 471 462 539 ἐκδῦναι
474 473 626 547 dicuntur,
649 491 730 537 nunc
744 465 785 536 δι’
802 464 928 542 ὐνιαίας
945 467 1176 537 v.,Schncidor.

69 577 149 641 Lex.
175 576 228 639 Gr.
259 594 295 640 ac
324 594 414 660 saepe
443 575 517 638 nihil
547 574 646 638 dillert
673 568 727 640 δαί
754 571 816 658 τῆς
840 567 947 656 αὐλῆς
970 571 1125 646 ἐξελθεῖν
1147 583 1178 638 et

72 675 126 745 δαί
149 680 211 763 τῆς
231 674 378 763 αὐλείας.
423 678 516 743 Errat
537 687 655 755 tamen,
686 674 712 740 si
739 675 805 763 quis
826 673 999 748 existimat,
1022 667 1131 742 ὀπαία
1148 686 1178 740 et

71 777 190 847 αὐλαία
212 782 398 847 substantiva
423 803 492 846 esse
512 799 672 865 paragoge.
716 775 893 863 Γαληναίη
909 778 1100 841 substantive
1116 778 1178 862 qni·

71 884 137 946 dem
159 894 342 969 usurparunt
365 884 495 951 Philetus
516 883 635 969 Fragm,
660 879 697 943 V.
723 876 891 968 γαληναίῃ
918 876 1175 966 ἐπιμίσγεσθαι,

73 978 273 1049 Callimachus
296 987 351 1070 Ep.
375 984 493 1052 XXXI.
515 979 681 1070 γαληναίη
693 977 819 1066 λιπαρῆ
834 977 929 1055 dede,
953 979 1064 1065 aliique
1078 993 1175 1066 posto·

70 1087 197 1163 riorum,
220 1089 273 1152 sed
292 1099 398 1152 natura
414 1085 593 1170 adjectivum
609 1105 677 1149 csse
697 1085 763 1169 ejus
782 1083 915 1168 generis,
938 1103 997 1166 qno
1014 1081 1177 1172 propsapia,

73 1183 187 1265 aridio,
212 1184 365 1276 ¹‹ippacu'o
393 1188 604 1264 continentur,
633 1186 665 1250 in
693 1186 776 1250 Diss.
800 1183 839 1248 V.
867 1184 897 1267 S.
920 1182 953 1247 6.
978 1187 1176 1262 ostendimus,

72 1293 234 1376 eodemque
260 1292 325 1353 loco
346 1289 416 1374 §.d
441 1289 654 1373 nomenrnpie
668 1287 808 1372 Aegaeae
828 1296 1095 1353 commemoratam
1117 1299 1174 1365 est,

71 1393 147 1476 qnod
169 1393 317 1456 Homerus
338 1394 425 1456 molo
446 1386 562 1477 Γαρύς
582 1389 722 1475 appellat,
754 1390 842 1453 modo
864 1387 1021 1475 Γυραίην
1048 1390 1178 1478 πέτρην

70 1494 235 1577 adjective,
259 1506 294 1559 ut
314 1506 447 1580 apparet,
468 1494 529 1559 etsi
549 1512 659 1558 nomen
680 1490 890 1576 appetiturum
917 1492 1018 1556 omitti
1046 1505 1176 1577 poterat.

69 1595 250 1686 Δραχμαία
271 1620 362 1678 rere,
387 1598 463 1685 qaod
483 1597 580 1661 limen
601 1608 634 1681 p.
658 1593 713 1662 2⁰.
736 1596 838 1681 Etym.
866 1592 943 1661 Gal.
966 1607 996 1678 p.
1021 1593 1097 1672 152,
1119 1595 1174 1661 31.

70 1697 149 1762 hunc
170 1700 202 1763 in
226 1721 382 1764 numanum
401 1701 566 1783 mierum,
600 1718 654 1783 pm
675 1694 807 1786 δραχμή
828 1696 917 1781 poni,
938 1695 1025 1761 -heud
1048 1718 1179 1763 comme·

70 1800 144 1866 mini
166 1803 322 1885 equidem,
335 1805 387 1868 scd
408 1804 435 1867 si
457 1803 570 1886 quiite
592 1801 707 1886 loquuti
727 1811 812 1876 sant,
834 1797 939 1884 procul
962 1800 1051 1864 dnhio
1064 1800 1179 1867 omise-

69 1914 142 1967 runt
165 1918 273 1969 nomen
301 1904 379 1990 qnod
411 1904 491 1969 addit
512 1905 737 1990 Eudemusap.
761 1903 869 1967 Galen.
893 1902 930 1967 dc
951 1901 1055 1967 Antia.
1080 1901 1119 1966 ll.
1143 1925 1174 1967 c.

71 2003 124 2080 13,
149 2006 222 2070 185.
245 2018 278 2073 et
307 2006 360 2085 17,
383 2007 459 2075 202.
488 2005 672 2095 ὐίύραχμσς
698 2006 764 2070 sive
783 2003 1013 2094 ’ὐιύραχμσιίες
1040 1997 1123 2091 σ’ίαιή
1144 2016 1180 2072 et

68 2103 284 2198 ἤμίύραχμσε
307 2106 409 2197 ῥοιαί.
448 2110 520 2172 'Pro
548 2103 633 2173 ὅσον
656 2107 795 2195 muypcs‘pr
816 2105 1047 2172 ¹Antlrumechut
1076 2108 1119 2171 ih.
1144 2108 1171 2173 l.

69 2208 102 2286 li,
126 2209 180 2273 37.
205 2211 340 2274 ornatius
371 2211 450 2273 dixit
476 2206 581 2276 ὅσσον
599 2209 776 2301 noypaos'apr
793 2205 921 2301 χειρός,
956 2211 1034 2294 quod
1065 2226 1177 2276 nomen

69 2312 97 2375 si
121 2311 305 2376 collibuisset
325 2312 528 2396 supprimere,
551 2313 581 2377 id
602 2332 719 2399 quoqne
746 2312 791 2377 illi
811 2315 845 2377 in
866 2332 975 2377 musae
1000 2332 1074 2377 snae
1096 2335 1179 2378 oom-

33 2400 39 2413 ’
69 2415 186 2481 mudum
209 2413 329 2481 uehere
350 2425 485 2500 possent,
508 2415 668 2505 nappato
687 2417 817 2503 positum
838 2432 906 2481 esse
927 2436 981 2501 pro
1002 2408 1138 2504 noyptfp'.

154 2724 327 2788 infirmatis.
343 2704 485 2789 trhdecim
511 2745 677 2810 paragogac
701 2724 847 2809 exemplis
868 2724 1037 2807 praevideri
1063 2735 1176 2808 potest,

70 2826 138 2912 quid
160 2828 262 2890 decem
284 2826 407 2910 reliquis
429 2827 593 2891 immineat.
640 2828 770 2892 Primum
795 2836 842 2891 est
864 2820 999 2904 εὐναία,
1023 2828 1109 2911 cujus
1132 2837 1178 2892 te-

70 2930 243 2994 stimoninm
264 2930 442 3014 Apollonius
466 2931 581 3013 profert
609 2951 650 2994 ex
677 2919 908 3019 ignoto'poete,
931 2925 1070 3004 εὐναίας
1092 2927 1178 3018 epd-

68 3034 182 3107 λοντο,
207 3034 316 3096 ceteris
340 3033 432 3097 nihilo
455 3032 577 3096 oertins.
623 3031 698 3097 Nam
711 3042 745 3097 nt
765 3030 889 3117 parmae
911 3034 951 3096 sit
967 3051 1094 3096 ancoras
1108 3033 1177 3098 sive

70 3135 181 3220 lapides
203 3135 358 3199 ancorales
380 3129 481 3208 εὐνιίς
504 3136 603 3199 dicere
625 3146 657 3199 ct
677 3129 827 3214 εὐναίας,
849 3146 949 3199 tamen
967 3134 1040 3197 illud
1064 3156 1176 3200 nomen

70 3238 288 3304 substantivum
309 3249 357 3302 est
378 3250 409 3302 et
431 3239 625 3324 metonymia,
648 3257 723 3323 quae
745 3238 865 3313 dicitur,
890 3238 969 3312 finis,
993 3237 1050 3300 hoc
1073 3249 1175 3302 autem

71 3360 244 3425 germanam
266 3341 443 3424 adjectivum
474 3341 647 3426 significans
668 3323 731 3404 rem
760 3341 827 3404 sive
848 3341 1080 3422 instrumentum
1104 3363 1176 3405 con·

70 3443 220 3506 sistendae
241 3443 345 3517 navis,
369 3446 446 3527 qnod
467 3454 498 3508 et
520 3462 632 3528 genere
653 3454 762 3507 neutro
783 3437 923 3510 εὐναῑσν
951 3442 1093 3506 ancorale
1116 3444 1175 3508 dici

70 3556 169 3628 potest
189 3567 220 3609 v.
244 3542 359 3610 Jacobs.
383 3549 419 3610 ad
439 3548 558 3611 Aelian.
590 3566 620 3630 p.
643 3544 727 3622 435,
749 3544 803 3612 20.
829 3545 958 3611 Gravior
984 3545 1020 3608 ad
1046 3547 1175 3629 proheta·

33 3728 34 3732 *
73 3648 140 3710 dnm
169 3650 248 3711 foret
271 3646 419 3730 Euripidis
447 3652 530 3714 locus
553 3650 617 3714 lon.
642 3646 716 3714 172.
740 3643 879 3723 εὐναίας
904 3645 1079 3734 ιιαρφηριίς
1106 3641 1174 3735 dap'·

72 3773 141 3816 σων
161 3750 300 3829 τέκνοις,
327 3748 384 3812 nisi
407 3751 442 3813 de
466 3753 521 3816 hoc
543 3753 648 3817 eadem·
668 3764 750 3816 esset
780 3752 934 3830 dubitatio,
957 3770 1030 3834 quae
1058 3751 1094 3813 de
1119 3750 1172 3826 ho·

72 3855 184 3916 mesico
205 3847 361 3943 μόσχοισι
375 3848 512 3940 λύγοισι.
557 3855 677 3920 Etenim
698 3855 744 3918 illi
764 3868 926 3941 καρφῖσαι
945 3844 1116 3938 θάλαμοι,
1140 3863 1174 3916 ut

71 3966 182 4020 vocant
202 3957 311 4021 aviumx
325 3957 410 4021 nidos
431 3956 547 4041 stipulis
562 3970 593 4022 et
606 3959 722 4024 festuca
736 3969 915 4043 compactos,
939 3967 970 4021 et
983 3952 1080 4023 εὐναί
1092 3978 1172 4042 ναρ-

72 4056 178 4144 φηραί
199 4059 255 4122 diei
277 4070 402 4142 possunt
420 4061 450 4125 id
472 4072 520 4126 est
541 4060 648 4126 cubilia
668 4062 832 4127 straminea
839 4106 851 4139 ,
872 4071 907 4128 ct
927 4056 1098 4148 ιιιίρφνραι
1116 4053 1172 4126 εὐ·
