2506 4492
98 187 163 256 rm
188 175 190 181 ’
451 170 772 247 nrssuu'rurro
801 180 847 245 ιι.
871 256 881 263 ,

97 387 176 432 mam
198 362 340 447 simplicis
362 362 527 439 retineret,
558 363 595 426 ad
616 361 697 425 illam
720 362 770 426 vel
791 380 939 446 apocopae
963 354 1014 424 vel
1036 359 1199 444 metaplasis
1243 371 1247 409 ἴ

98 471 253 535 obtentum
268 465 381 530 redacti
398 475 481 529 sunt.
528 466 593 546 Quo
616 485 670 528 nos
692 465 794 548 utique
816 485 877 526 non
898 463 1025 539 utimur,
1046 464 1100 526 sed
1114 465 1198 548 potius
1244 495 1247 535 ι

98 563 257 662 διχόμηνι
280 578 313 632 et
342 569 419 651 quod
450 568 510 632 alio
540 569 606 632 loco
635 566 778 651 scriptum
807 576 855 630 est
875 559 1020 651 νεόμηνι
1041 565 1198 629 nominibus
1246 612 1247 619 .

98 673 254 739 defectivis
276 673 519 745 adnumeremus,
542 691 667 755 quorum
689 670 715 733 si
737 669 833 754 prima
852 669 885 731 in
898 690 963 731 usu
986 679 1071 730 esset
1084 668 1199 751 positio,

97 776 275 841 heteroclita
296 773 469 837 dicerentur
495 785 529 837 ιιι
556 771 733 858 πολύρῥην
761 783 793 835 et
813 764 1051 856 πολύῤῥηνος,
1074 761 1197 858 Picent

97 890 130 943 et
152 869 321 964 Γόρτυνα,
342 898 423 940 nunc
444 887 564 951 autem,
598 874 667 958 quia
689 896 755 937 eam
776 872 934 937 Technicis
956 873 1094 955 ignotam
1116 872 1198 936 fnisse

96 991 230 1065 apparet,
254 978 394 1064 acephala
419 976 600 1062 appellamus
630 976 751 1061 generis
773 975 905 1060 positivi.
950 973 1029 1038 Nam
1057 974 1130 1058 quin
1149 973 1199 1037 dici

96 1083 229 1170 potuerit
250 1078 393 1171 ὃιχόμην
415 1091 450 1143 ut
469 1072 669 1169 πολύρῥην,
693 1079 844 1149 dubitandi
866 1098 955 1142 causa
978 1076 1082 1153 nulla,
1116 1097 1199 1160 eoque

96 1179 254 1275 διχόμηνι
276 1185 376 1247 differt
396 1175 606 1264 αΜόψοπος
628 1192 660 1245 et
681 1173 923 1268 ἐρυσάρματες,
947 1200 1077 1264 quorum
1096 1179 1199 1265 prinus
1227 1196 1233 1207 ’

99 1309 185 1352 casus
206 1309 225 1350 a
246 1285 351 1372 regula
372 1285 512 1369 loquendi
534 1285 686 1349 abhorret.

608 1476 636 1558 s.
661 1473 692 1539 5.

181 1594 226 1659 Ab
255 1595 301 1659 his
323 1594 460 1658 omnibns
493 1597 659 1681 sejunctam
692 1594 833 1658 habemus
863 1614 966 1658 veram
982 1603 1028 1656 ·ct
1062 1591 1202 1677 propriam

98 1698 297 1783 metaplasin,
321 1719 396 1783 quae
427 1719 523 1782 neque
547 1697 725 1761 nominativi
753 1694 922 1781 imaginarii
950 1696 1083 1780 speciem
1113 1695 1201 1758 animo
1245 1696 1247 1703 '

99 1802 310 1886 anticipatum,
342 1823 395 1865 ore
424 1798 624 1876 ineffabilem,
655 1799 791 1882 sequitur
821 1809 855 1861 ut
876 1789 1002 1877 edaldo,
1034 1790 1201 1880 Μόψοπα,

97 1925 196 1988 neque
219 1903 427 1968 heteroclisiae
450 1902 648 1986 suspicionem
662 1902 806 1985 relinquit
820 1913 853 1965 ut
867 1899 1018 1980 Acodoivc,
1043 1895 1202 1990 ὃιχόμκηιιι,
1245 1914 1247 1919 ’

98 2008 150 2071 sed
175 2007 331 2090 perspicue
352 2007 389 2067 ab
411 2004 601 2068 aberratione
624 2005 747 2088 quadam
769 2003 859 2066 unius
882 2002 1093 2068 declinationis
1117 2005 1152 2068 ad
1166 2005 1202 2067 al·

97 2120 192 2171 terum
215 2106 424 2191 proficiscitur.
471 2104 565 2190 Hujus
588 2106 758 2190 principalis
781 2126 872 2168 eausa
894 2116 941 2169 est
963 2107 1139 2170 terminatio
1155 2129 1202 2170 nc-

97 2209 233 2273 minativi
255 2207 416 2291 singularis
437 2207 556 2290 utrique
579 2207 769 2271 declinationi
791 2207 915 2284 similis,
942 2228 999 2291 qua
1021 2208 1145 2273 delusus
1157 2209 1203 2271 ΑΙ-

98 2332 186 2374 cacus
209 2331 227 2373 a
249 2321 332 2374 recto
354 2311 445 2383 Αἴας
467 2310 633 2395 genitivum
661 2311 748 2374 duxit
768 2311 831 2376 τοῦ
853 2313 928 2377 Ai'c
950 2322 981 2375 et
1002 2312 1202 2379 accusativum

96 2411 156 2480 udo
185 2415 282 2481 Atto
312 2426 342 2478 ot
372 2435 389 2478 a
419 2413 508 2477 simili
544 2413 701 2498 principio
718 2412 890 2493 vocativum
921 2407 946 2479 oi
975 2410 1200 2502 Etipodcipcum

97 2540 185 2603 quam
206 2519 333 2596 formam
361 2516 499 2580 nonnulli
521 2515 673 2579 homerico
696 2509 721 2582 oi
743 2511 963 2602 Πουλυδάμα
985 2518 1202 2599 substituerunt

96 2621 132 2685 ll.
159 2621 229 2686 Xll.
260 2619 335 2685 231.
365 2631 396 2683 et
423 2619 568 2683 Pindarus
598 2622 671 2683 adeo
700 2621 735 2683 ab
764 2611 1078 2709 οἷκαμαντοχοῖρμης
1118 2604 1202 2683 linriit

96 2722 307 2806 appellativum
333 2715 357 2786 ὦ
379 2715 697 2809 α’καμαντοχιὶρμαν
722 2719 941 2789 Αἶαν-κατά
971 2721 1203 2810 ouvecdpopnlv

95 2825 157 2892 cod
180 2824 277 2892 Αἶαν
306 2820 330 2908 ἢ
360 2818 415 2888 dcci
442 2819 506 2908 erlo
529 2822 735 2909 caullator
764 2824 833 2891 τῶν
849 2824 1068 2915 Ιφωνηείἰιων
1090 2827 1199 2890 Anecd.

95 2953 125 3015 p.
151 2926 245 2992 1183.
280 2926 355 3012 quod
384 2926 553 3010 exemplum
582 2926 711 2989 afferens
741 2927 927 2992 Herodianus
959 2951 1008 3013 ap.
1034 2929 1138 3015 Etym.
1161 2928 1199 2992 bl.

94 3056 125 3119 p.
149 3032 203 3108 44,
226 3029 280 3095 45.
304 3023 439 3114 πλάνην
468 3026 604 3107 κλίσεως
625 3040 733 3104 vocat,
758 3051 813 3094 nos
835 3014 1000 3094 metabasin
1022 3031 1201 3116 nuncupabi-

95 3155 174 3211 mus,
198 3134 266 3217 quia
287 3131 443 3217 superiore
464 3132 591 3217 propriis
615 3130 757 3216 distingui
781 3144 907 3216 possunt
928 3134 1112 3210 nominibus,
1136 3133 1201 3197 huic

96 3235 212 3300 nullum
234 3235 363 3318 suppetit
383 3233 430 3298 rei
452 3246 699 3299 consentaneum.
744 3235 809 3299 Huc
831 3237 983 3318 pertinent
1005 3238 1097 3300 etiam
1120 3235 1200 3320 geni-

97 3339 177 3404 tivus
191 3337 254 3403 cod
270 3332 387 3417 Ἄτλα,
410 3338 488 3401 unde
504 3337 747 3402 Hemsterhusius
769 3339 806 3401 ad
820 3338 892 3401 Hes.
909 3338 981 3423 Opp.
998 3336 1074 3403 381.
1099 3336 1200 3405 ciclo-

95 3436 196 3529 γενής
217 3441 383 3523 profectum
404 3451 500 3524 putat,
524 3451 555 3504 et
572 3442 760 3505 accusativus
780 3438 936 3528 λυκάβαν
953 3442 1198 3527 AppendEpigr.

94 3543 134 3609 Ν.
144 3541 219 3609 323.
243 3543 399 3627 Adjeotiva
421 3554 522 3607 autem
543 3564 561 3605 a
582 3537 670 3609 cloia
695 3544 857 3629 composita
880 3565 999 3628 semper
1020 3545 1055 3608 ad
1079 3544 1200 3628 primam

95 3646 261 3710 declinasse
287 3646 429 3709 videntur
453 3645 515 3711 cod
543 3637 695 3713 rcolclcloi
724 3647 862 3711 Eustath.
893 3668 924 3730 p.
956 3644 1032 3723 700,
1057 3646 1111 3712 32.
1141 3644 1199 3712 cdv

94 3740 268 3820 πολύτλαν
291 3747 390 3811 schol.
413 3749 599 3833 EurAHipp.
624 3749 698 3815 742.
723 3761 754 3814 et
778 3749 845 3812 aliis
868 3750 942 3813 locis
965 3772 998 3814 v.
1022 3750 1071 3813 ad.
1087 3750 1197 3832 Pbryn.

95 3875 125 3936 p.
149 3850 282 3935 610.20)
311 3870 408 3935 neque
439 3851 527 3916 aliter
554 3862 652 3916 statuo
683 3854 719 3916 de
747 3847 904 3956 ciuicam)
934 3854 1012 3938 quod
1034 3851 1198 3939 Hesychius

904 3984 912 3998 l

51 4116 56 4125 =
166 4087 211 4154 td)
229 4088 257 4143 ln
274 4088 380 4143 Maximi
398 4104 422 4144 v.
444 4088 503 4144 557.
524 4085 609 4163 ἦγιὶρ
631 4081 805 4160 ἀναπλήσειεν
831 4086 965 4147 dercillus
987 4089 1091 4160 βροτδι
1113 4085 1194 4160 iilyot,
