2506 4492
288 184 347 248 nn
379 181 576 248 neenec.
606 180 809 247 nornen.
841 185 869 266 §-
895 183 948 247 11.
1126 186 1175 252 un

65 364 222 432 Plutarch.
239 362 278 425 V.
301 363 397 458 Alcib.
415 362 457 424 X.
478 360 530 428 12.
555 363 591 425 dc
608 361 697 446 Pyd.
714 361 800 425 Orac.
816 363 860 428 X.
876 360 952 429 263.
977 361 1062 426 ΡΙιίΙο
1077 364 1171 451 Legg.

64 468 167 552 Alleg.
182 464 221 529 ll.
237 464 291 529 83.
307 466 343 527 B.
367 465 456 548 Diog.
470 465 523 529 Le.
538 464 589 529 lV.
607 463 660 527 31.
683 462 803 527 Aelian.
817 464 853 528 Η.
868 466 947 531 Αοο.
959 465 1036 549 Epil.
1052 488 1081 551 p.
1095 464 1171 533 566.

64 570 222 636 Jannlich.
236 566 400 632 Prolr.lV.
418 565 472 630 48.
497 567 619 630 Lucian.
638 568 713 630 Enc.
731 567 816 631 [lem.
836 568 864 649 ἓ.
877 566 930 632 27.
957 567 1065 653 Synes.
1082 568 1172 637 Dion.

65 696 93 758 p.
118 670 174 735 40.
201 671 237 734 C.
267 673 320 735 sed
346 691 416 735 ecee
444 691 484 733 ex
512 671 639 733 adverso
667 664 806 757 ῥήματα
832 669 888 736 καὶ
914 663 1068 755 ὀνόματα
1095 672 1171 736 ΡΙοῖ.

66 776 192 840 Theaet.
210 772 286 839 205.
305 774 341 836 D.
366 773 454 857 Apol.
475 772 528 837 17.
546 773 581 836 C.
608 773 723 859 Cralyl.
742 772 817 837 431.
839 773 872 836 Β.
896 772 991 856 Epist.
1012 772 1172 841 v11.342.

67 878 102 940 Β.
125 876 211 941 Philo
234 878 269 939 de
290 876 381 959 Migo.
405 874 517 938 durau.
541 897 570 959 p.
595 873 669 939 300.
693 878 732 940 Α.
758 875 1034 962 Gregor.Tl1aum.
1060 876 1113 941 0r.
1137 878 1175 941 ed

68 981 152 1066 Orig.
178 981 206 1062 ἓ.
227 977 280 1053 10,
300 976 375 1041 426.
400 977 435 1040 Τ.
455 977 506 1040 lll.
531 978 607 1043 Bibl.
629 979 706 1042 Gall.
746 981 826 1044 llaec
847 980 941 1064 igilur
962 978 1173 1045 vocabulorum

66 1105 128 1147 non
151 1103 226 1146 sono
247 1082 363 1155 solum,
393 1082 446 1145 sed
467 1081 684 1165 significatione
707 1105 821 1168 quoque
845 1081 1073 1167 congruentium
1096 1102 1176 1145 oom-

66 1186 178 1271 posilio
204 1186 238 1247 ab
260 1183 313 1246 illo
335 1183 497 1247 artificioso
520 1205 650 1268 genere,
683 1187 759 1270 quod
780 1185 909 1249 technici
930 1194 1080 1260 molent,
1110 1187 1174 1270 plu·

66 1290 176 1353 nimum
199 1288 289 1350 distat
311 1306 407 1369 neque
429 1287 549 1350 omniuo
571 1291 603 1350 in
624 1287 778 1352 rhetorum
801 1287 878 1351 ludis
900 1298 982 1365 nala,
1008 1286 1060 1352 se'd
1082 1310 1101 1351 o
1123 1310 1175 1352 na·

66 1404 134 1456 tura
161 1391 295 1474 prolecta
322 1399 354 1452 et
379 1389 412 1452 in
441 1390 626 1453 commerciis
649 1392 812 1475 quotidiani
840 1392 988 1455 sermonis
1012 1390 1105 1474 magis
1133 1412 1176 1457 ex

67 1492 285 1558 consuetudine
309 1514 395 1575 quam
420 1502 544 1555 ornatus
573 1503 604 1555 cl
628 1493 795 1577 elegantiae
818 1514 906 1556 causa
933 1493 1082 1556 celebrem
1107 1504 1173 1573 esl;

68 1605 264 1680 quapropter,
296 1596 347 1677 qui
372 1595 456 1659 varin
481 1594 628 1659 sermonis
655 1595 801 1677 figurandi
825 1616 937 1678 genero
965 1605 995 1658 et
1020 1608 1176 1680 praeeepla

67 1698 275 1773 tradiderunt,
312 1719 351 1760 ne
379 1719 473 1761 unum
503 1697 619 1781 quidem
649 1697 769 1761 illorum
798 1697 1003 1781 exemplorum
1032 1698 1173 1773 afferunt,

68 1822 142 1885 quae
171 1822 189 1863 a
213 1800 297 1863 nobis
319 1800 456 1883 proxime
483 1810 554 1867 sunl
575 1801 724 1885 proposita
745 1799 931 1884 potissimum
956 1801 992 1862 ob
1017 1821 1082 1865 eam
1106 1820 1175 1864 cau-

67 1922 143 1982 sum,
167 1904 258 1986 quod,
279 1902 305 1965 si
322 1903 420 1967 minus
435 1903 468 1965 in
487 1903 635 1978 omnibus,
655 1914 686 1966 at
705 1914 788 1967 certe
803 1900 835 1965 in
854 1902 1003 1987 plerisque
1024 1903 1085 1967 lixa
1104 1924 1176 1984 quo·

69 2006 222 2069 dammodo
241 2015 289 2068 cst
304 2006 465 2068 verborum
485 2005 670 2071 consecutio.
705 2003 844 2090 Idemque
864 2005 1045 2090 intelligitur
1061 2006 1093 2068 in
1113 2005 1176 2089 qui·

68 2108 190 2172 busdam
218 2127 456 2193 synonymorum
477 2107 648 2192 junonis,
680 2108 716 2172 ad
742 2131 814 2193 quas
838 2111 901 2194 jam
926 2120 1046 2173 veteres
1071 2108 1177 2172 Grem-

68 2210 168 2274 malici
194 2209 327 2273 animum
351 2209 557 2275 adverterunt.
605 2212 710 2275 Suidne
735 2223 765 2275 ct
787 2209 888 2276 Schol.
916 2213 951 2276 ad
974 2212 1049 2276 Plal.
1076 2211 1174 2275 (lonv.

70 2311 207 2379 32013.
239 2308 301 2385 Ὡς
327 2315 410 2387 ἔπος
438 2316 566 2393 εἰπεῖν,
594 2314 696 2381 τοῦτο
725 2313 961 2402 σχηματίζπαι
987 2312 1081 2400 παραὶ
1105 2326 1178 2386 τοῖς
1211 2384 1219 2403 1

70 2417 229 2489 παλαιοῖς
259 2414 314 2482 καὶ
344 2410 388 2489 οἷς
415 2421 525 2483 εἰπεῖν
551 2420 634 2491 ἔπος
660 2417 730 2513 ιιαὶ4
762 2413 771 2435 ‘
816 2421 898 2490 ἔπος
920 2409 1028 2500 φάναι
1054 2415 1111 2482 καὶ
1133 2414 1177 2487 oie

71 2515 178 2605 φάναι
201 2522 296 2592 ἔπος.
336 2518 368 2581 11
390 2520 465 2602 quod
487 2518 632 2602 principio
658 2564 679 2609 »Α
778 2529 867 2608 ζ.ᾖιοοι
889 2514 932 2589 οἷς
954 2522 1035 2589 ἔπος
1057 2520 1177 2593 εἰπεῖν,

70 2623 124 2688 hoc
147 2623 256 2687 ordine
283 2620 348 2706 plus
377 2622 491 2685 centies
513 2619 627 2705 legitur
665 2603 853 2710 ῖ·’“’·’“νῖ“.,ι
884 2631 947 2695 esd,
976 2630 1010 2682 ut
1032 2638 1177 2703 perpauca

71 2727 261 2812 reperiantur
287 2736 376 2787 exue
398 2744 519 2787 carmen
541 2722 693 2787 contraria
714 2734 869 2806 exempu,
901 2710 1046 2790 dmocd'
1062 2717 1106 2794 oie
1128 2724 1175 2787 εἰ·

72 2842 149 2896 ποῖα
171 2832 255 2900 ἔπος
280 2827 356 2890 Plat.
380 2827 474 2911 [regg.
497 2824 568 2891 ΧΠ.
593 2824 668 2890 067.
692 2826 729 2888 Β.
761 2836 791 2889 et
812 2826 931 2890 Aelinn.
956 2825 994 2888 H.
1019 2826 1099 2888 Ann.
1124 2824 1176 2888 lV.

75 2931 123 2996 36.
148 2929 274 3015 λευκήν
295 2925 476 3015 (κεφαλήν)
497 2925 559 3019 οὐχ
582 2927 625 3003 οἷς
646 2914 756 2995 εἰπεῖν
778 2933 860 3003 ἔπος
881 2923 966 2996 oilla*
988 2927 1044 2992 nol
1065 2923 1179 3014 χίοιιος

74 3034 227 3100 ἐπέκεινα
254 3033 310 3099 καὶ
335 3022 502 3118 γάλακτος
528 3032 632 3099 πλέον
657 3028 796 3116 λευκήν,
830 3053 886 3116 quo
909 3031 975 3093 loco
1005 3026 1048 3102 oie
1070 3031 1178 3093 εἰπεῖν

76 3140 154 3210 ἔπος
171 3158 235 3200 non
253 3146 286 3198 ut
302 3137 475 3219 plerumque
495 3136 639 3220 accipitur
648 3134 694 3216 ⁶⁶)
714 3145 751 3197 ut
766 3137 813 3196 ι’ῖα
831 3134 943 3209 dicam,
967 3131 1049 3196 reddi
1069 3141 1178 3215 polest,

77 3241 123 3302 sed
145 3241 246 3323 potius
273 3238 328 3300 boc
350 3239 455 3300 modo:
493 3259 554 3301 αοα
578 3249 615 3300 αῖ
635 3238 729 3322 onlgo
752 3258 860 3298 nornen
886 3227 1000 3308 λευκός
1028 3236 1181 3319 usurpari

78 3343 167 3417 solet,
203 3341 261 3403 lzoc
287 3350 333 3403 est
360 3341 406 3402 ito
435 3350 472 3402 αῖ
497 3360 563 3402 cunc
592 3339 738 3403 albidulis
766 3340 1021 3412 continuacionem,
1058 3337 1116 3400 sed
1142 3334 1180 3401 cd

79 3438 220 3531 αἰιριβώς
239 3434 375 3523 λευκόν,
398 3443 486 3506 sicuti
509 3443 591 3505 Plato
615 3442 683 3505 civ.
707 3440 731 3504 l.
756 3438 831 3504 341.
853 3440 887 3502 Β.
913 3441 1034 3524 opponit
1054 3435 1114 3505 cdv
1137 3435 1181 3512 oie

81 3548 155 3621 ἔπος
172 3551 283 3613 εἰπεῖν
300 3539 449 3634 ἄρχοντα
467 3557 499 3609 et
514 3542 575 3611 τὸν
592 3541 724 3632 ἀκριβεῖ
740 3537 835 3630 λόγῳ,
858 3564 893 3606 ae
908 3543 964 3606 Dio
982 3543 1067 3606 Cass.
1083 3540 1178 3605 XLll.

82 3647 129 3712 44.
155 3646 199 3724 oie
219 3674 257 3736 γε
279 3646 362 3737 λόγῳ
386 3652 552 3715 εἰπεῖν-
566 3646 610 3734 τῷ
633 3652 729 3736 ἔργῳ,
753 3647 881 3709 Herodo.
901 3646 925 3709 l.
944 3644 1017 3711 1⁶20.
1043 3650 1075 3711 oi
1098 3641 1182 3727 οἷλη-

84 3758 136 3820 θεῖ
155 3746 240 3842 λόγῳ
263 3753 412 3839 βασιλεῖς
433 3753 480 3816 his
501 3753 550 3837 qui
573 3751 663 3835 vulgo
685 3752 728 3814 ila
749 3748 891 3834 appellari
913 3749 1030 3823 solent,
1054 3765 1180 3830 quorum

88 3902 288 3921 Q-b——uss—

146 3997 189 4064 od)
213 3995 245 4048 V.
268 3995 415 4046 Schneider.
436 3996 469 4045 ad
485 3994 551 4045 Plat.
574 3992 629 4043 civ.
651 3992 669 4042 l.
690 3994 749 4045 341.
776 3992 913 4043 Rueckcrt.
934 3990 966 4039 ud
985 3987 1069 4053 Symp.
1091 3999 1114 4050 p.
1135 3986 1177 4037 40.

91 4076 230 4150 Plerumque
247 4082 320 4135 velet
335 4078 426 4153 ὀλίγον
443 4077 493 4134 δέω
511 4077 614 4148 φάναι,
634 4094 721 4146 prope
738 4081 864 4130 dixerim.
