2506 4492
113 155 179 222 170
472 149 784 268 utssuflrdrlo
812 151 858 231 11,

111 335 219 423 plasmi
246 332 424 419 contagione
451 333 606 399 immunis.
665 333 807 399 Dativum
839 331 885 397 illi
913 331 1044 397 similem
1071 329 1216 424 ῥοδίεσσι

111 439 251 524 Apellen.
261 435 313 501 111.
338 435 433 504 1020.
457 435 653 501 Wollauerns
675 436 891 502 exterminavit
912 429 1050 527 ῥοδέησι
1071 439 1212 502 scribens.

111 542 216 628 Neque
237 552 338 605 tamen
360 540 583 616 obliviscemur,
611 540 680 604 illos
702 541 886 624 metaplasmi
910 561 1021 604 nomen
1043 541 1081 602 ad
1104 539 1213 604 hetere-

112 646 227 710 clisiam
245 655 275 709 et
291 644 452 728 quemlihet
466 643 685 707 terminationis
699 644 895 707 mutationem
909 643 1091 706 transferre.
1119 642 1212 708 Gram-

112 749 239 812 maticus
261 744 425 810 Hermanni
446 769 475 831 p.
501 744 576 811 349.
601 749 674 813 ἔστι
688 741 984 832 δὲμεταπλασμὸς
1001 769 1212 836 μετασχημκ
1241 746 1246 757 ’

110 849 231 936 τισμὸς
245 842 366 935 λήξεως
380 844 580 935 όνόματσςή
591 839 745 936 ῥήματος
758 845 782 934 ἢ
792 839 1036 935 ἐπιρῥήματος·
1051 842 1213 935 ὀνόματος

110 957 178 1041 μὲν
194 949 281 1032 α’λκί,
298 945 540 1037 ἐρυσάρματες,
556 949 663 1018 κλαδί·
685 943 841 1042 ῥήματος
855 951 891 1018 δὲ
905 947 943 1017 ad
957 951 1074 1031 κλῦθι,
1088 945 1214 1040 οἷνοιχδι

112 1059 159 1139 (ν.
171 1057 260 1120 Drac.
275 1078 305 1140 p.
321 1054 375 1130 37,
386 1053 439 1119 20.
471 1053 656 1137 Moschopul.
680 1055 728 1117 ad.
754 1053 826 1138 Opp.
851 1076 881 1119 v.
904 1053 936 1119 9.
968 1053 1070 1118 Schol.
1096 1055 1212 1118 Barooc.

111 1161 148 1224 ad
169 1160 219 1244 Aj.
242 1156 318 1221 368.
342 1156 425 1242 Eri.)
447 1157 505 1223 uod
520 1153 559 1221 τδ
577 1154 674 1242 δοίην
690 1155 746 1222 καί
761 1157 884 1243 γνοίην
899 1156 956 1224 καί
971 1153 1110 1242 εἰδείην·
1132 1157 1214 1243 inopi·

111 1256 265 1348 ῥήματος
287 1258 339 1339 δέ,
363 1255 406 1334 οἷς
427 1260 483 1326 ἐπὶ
504 1259 566 1325 τοῦ
588 1257 682 1348 δίχα,
705 1257 812 1348 τρίχα,
837 1259 911 1350 διχή
932 1256 998 1349 γοίρ
1019 1252 1076 1344 ἦν.
1121 1259 1214 1344 ltaque

111 1372 158 1443 ἔς,
181 1363 256 1443 δίς,
279 1356 353 1438 δός,
376 1361 551 1445 metaplasta
573 1372 684 1425 vocant
711 1361 813 1425 Schol.
847 1363 901 1426 00.
933 1361 958 1426 Ι.
982 1360 1060 1428 207.
1095 1371 1128 1425 et
1154 1364 1214 1425 eun

109 1465 219 1546 κλαδί,
233 1462 367 1552 δσμῑνι,
390 1475 571 1549 componunt
591 1463 809 1552 πεφεαγοίην,
829 1465 1059 1551 περιπατοίην
1078 1465 1167 1528 Euat.
1187 1486 1213 1549 p.

112 1568 227 1649 5836,
238 1569 354 1653 aliaque
363 1569 522 1632 verborum
534 1567 748 1632 inclinamenta
762 1569 899 1632 anomala
913 1568 969 1630 hue
983 1578 1151 1644 revocant3
1170 1567 1215 1652 ίρ·

111 1677 189 1762 ῥιγα
210 1667 484 1758 μοταιτλοίττσται
499 1674 546 1744 εἰς
560 1671 728 1739 ἐνεστῶτα
743 1668 893 1760 ἐρῥίγησι
908 1665 950 1743 οἷς
967 1668 1108 1736 dedeina)
1118 1668 1213 1734 Schol.

110 1774 190 1841 Ven.
215 1774 266 1838 lll.
298 1774 372 1839 353.
406 1784 441 1838 ot
468 1770 687 1860 κεκλήγοντες
717 1775 865 1839 aeolicum
895 1773 998 1835 dicunt
1025 1772 1117 1836 xvt.
1144 1769 1213 1836 430.

110 1878 185 1942 Tum
208 1879 350 1943 adverbia
370 1874 487 1963 μίγδα,
509 1870 648 1962 κρύβδα,
670 1898 724 1961 pro
745 1874 873 1964 μίγδην
895 1886 954 1941 etc.
976 1875 1066 1963 Eust.
1081 1874 1157 1952 722,
1165 1873 1213 1943 20.

110 1982 300 2062 maximeque
327 1979 484 2063 enallagen
507 1979 627 2063 generis
650 1974 809 2060 usdaudei,
832 1972 953 2065 δεσμοί,
978 1975 1094 2066 cippo,
1116 1972 1215 2068 λιίχνα

112 2082 212 2144 Schol.
238 2079 348 2143 Odvl.
371 2079 434 2177 93.
460 2081 648 2144 Sehol.Ven.
673 2081 697 2144 l.
721 2080 797 2145 404.
823 2083 924 2169 Elym.
948 2081 990 2144 Μ.
1016 2079 1093 2161 544,
1118 2080 1170 2148 20.
1189 2091 1216 2145 et

110 2180 186 2257 502,
209 2182 264 2247 22.
288 2203 362 2264 qnae
384 2204 473 2266 quum
494 2184 594 2247 omnia
615 2193 739 2248 servent
767 2195 923 2247 accentum
951 2184 1067 2246 formae
1091 2206 1215 2247 commu-

110 2284 171 2360 nis,
195 2285 328 2369 effugere
358 2307 419 2349 non
446 2298 573 2372 possunt
601 2287 672 2371 quin
690 2287 785 2373 μήρα
809 2309 850 2351 ex
870 2277 979 2374 μήρια
1002 2287 1156 2350 concisum
1178 2287 1216 2349 di·

111 2398 192 2451 cant.
239 2387 313 2451 ltem
336 2391 413 2474 quod
434 2390 584 2455 Nicander
605 2382 833 2476 ποιφήζοντος
846 2412 899 2474 pro
920 2385 1156 2476 ποιφαζοιίσης
1170 2409 1217 2475 po·

110 2491 182 2583 σσίι,
208 2491 355 2557 Homerus
377 2516 430 2578 pro
453 2487 607 2580 εἰςιθμός
623 2490 776 2579 είςίδμη,
800 2493 994 2576 metaplasmo
1011 2491 1171 2575 assignant
1186 2514 1215 2557 v.

111 2593 212 2658 Schol.
249 2597 286 2659 ad
308 2596 398 2659 Ther.
425 2596 498 2662 179.
523 2599 559 2661 ad
583 2599 690 2682 Odyss.
714 2594 767 2658 Vl.
790 2592 868 2660 204.
897 2595 1059 2679 eodemque
1082 2597 1173 2661 modo
1193 2595 1217 2659 si

111 2698 188 2778 quod
210 2698 387 2760 vocabulum
411 2701 545 2762 diversos
574 2700 708 2784 ejusdem
735 2697 944 2762 declinationis
967 2698 1065 2762 flexus
1086 2698 1218 2784 sequitur

110 2806 145 2859 nt
165 2792 249 2877 ὕδει,
266 2789 376 2874 κοίεσι,
398 2800 427 2862 id
443 2801 596 2874 αιόλικώς
613 2793 904 2886 μεταπεπλοίσθαι
918 2800 1056 2864 dictitant
1072 2824 1105 2866 v.
1122 2802 1215 2868 Procl.

111 2901 148 2965 ad
170 2901 241 2964 Hes.
268 2900 341 2986 Opp.
365 2925 396 2966 v.
422 2900 475 2966 00.
502 2903 601 2967 Schol.
628 2904 681 2967 Od.
706 2902 758 2966 lll.
781 2901 834 2967 38.
859 2904 930 2988 quin
952 2897 1218 2991 οῑίκισἍλκιμος

111 3028 164 3090 pro
191 3000 399 3091 Ἀλκιμέδων
433 3005 491 3069 dici
521 3002 608 3074 κατσί
643 3004 895 3093 μεταπλασμδν
930 3002 974 3080 οἷς
1001 3004 1216 3082 Μελάνθιος,

111 3101 321 3184 Μελανθεύς
344 3108 443 3172 Schol.
468 3109 504 3172 ll.
516 3108 632 3173 XXlV.
654 3109 729 3173 474.
777 3111 834 3175 Sed
855 3121 996 3175 revertar
1016 3112 1055 3174 ad
1072 3132 1123 3189 ea,
1146 3131 1217 3196 quae

109 3230 179 3277 ‚cum
208 3222 312 3275 nostra
344 3233 434 3277 causa
463 3216 623 3298 conjuncta
651 3224 723 3277 sunt
751 3215 876 3278 arctius.
922 3213 986 3279 Cur
1015 3215 1217 3280 nominativus

110 3305 180 3384 Ἀίς
201 3314 373 3396 repudiatus
395 3315 458 3391 sit,
488 3315 698 3399 inexplicabile
721 3328 779 3380 est
786 3343 796 3392 3
828 3337 886 3399 quo
919 3317 1056 3403 cogimur
1085 3317 1218 3402 obliquos

88 3417 90 3422 ’
113 3435 199 3478 casus
220 3417 404 3500 metaplastis
425 3420 635 3494 adnumerare,
660 3429 693 3481 ut
712 3418 898 3484 Herodianus
921 3419 1113 3485 Sehol.Ven.
1137 3418 1162 3482 l.
1185 3417 1215 3482 3

113 3519 165 3578 sed
186 3518 276 3580 iidem
303 3541 448 3601 negamus
476 3542 586 3584 nomen
615 3522 765 3605 proprium
795 3532 826 3585 et
855 3523 987 3585 divinum
1018 3523 1055 3587 ad
1084 3543 1216 3588 normam

114 3622 278 3684 communis
300 3625 448 3688 sermonis
471 3625 567 3708 dirigi
581 3634 731 3706 oportere.
768 3623 994 3688 Aristarcheom
1009 3617 1105 3715 πτίλῳ
1123 3645 1216 3710 neque

112 3722 319 3805 metaplastom
343 3726 400 3788 dici
422 3737 539 3810 potest,
568 3727 636 3809 quia
659 3726 804 3789 Homerus
827 3728 974 3811 singulari
1002 3725 1027 3815 ἦ
1050 3727 1142 3814 πύλη
1165 3730 1215 3792 ab·

114 3825 219 3900 stimet,
243 3845 340 3908 neque
362 3826 573 3904 heterocliton,
598 3829 666 3912 quia
687 3825 706 3894 ὁ
724 3825 830 3902 πιίλος
852 3840 975 3894 anctore
998 3843 1100 3909 caret,
1122 3831 1214 3894 omni·

114 3949 211 4011 noque
233 3949 289 4012 qua
311 3929 428 3991 ratione
451 3932 576 4005 nitatur,
600 3931 767 4015 ignoratur.
814 3933 876 3995 Vix
898 3933 1020 4018 dignum
1035 3935 1135 4000 relatu
1152 3935 1213 4002 δια·

20 4046 31 4107 j
113 4028 216 4118 κτόρῳ
240 4031 374 4095 aSohol.
398 4032 480 4116 Lips.
505 4032 539 4096 ll.
561 4033 600 4096 ll.
623 4033 699 4098 103.
721 4034 753 4098 in
774 4037 995 4102 transformatis
1016 4039 1143 4116 referri,
1169 4034 1213 4104 sed
