2506 4492
102 172 177 241 suu
420 165 770 235 'ulssuttrtrtu
791 164 864 232 111.
934 172 937 179 '
1020 176 1025 183 '
1056 172 1061 181 '

103 351 141 418 B.
170 349 347 416 statuas
373 370 392 415 a
417 358 503 414 rectu
529 347 630 438 χροῦς
656 358 689 413 ut
712 346 808 438 χοῦς,
839 364 926 432 quem
952 340 1157 414 Buttmaunus
1174 351 1209 413 'et

104 451 266 519 Passurius
288 450 413 516 Graecis
434 453 621 537 abjudicant,
647 452 700 515 sed
722 451 907 516 llcrotliauus
927 474 966 517 nr.
987 454 1082 519 Μον.
1105 472 1136 535 ρ.
1160 449 1204 515 17.

104 554 224 618 Ionibus
252 554 408 638 pertritum
426 558 503 617 'esse
532 564 679 634 testatur3
720 564 752 617 et
777 563 865 617 aucta
891 553 1046 637 cpcutlrssi
1063 546 1207 640 ,plurri-

103 680 216 747 χροιος
242 656 350 720 Tzetz.
381 656 483 720 Postli.
514 655 588 721 527.
623 653 813 744 μολίχροιος
840 676 872 718 v.
900 653 976 718 366.
1011 649 1206 746 πολύχροιος
1247 656 1249 717 ἔ

104 758 217 824 Anteh.
241 758 316 823 213.
352 753 555 848 ἐοορόχροιος
577 757 689 821 Palem.
713 757 878 842 Physiogn.
903 757 927 820 l.
952 754 992 833 li,
1017 757 1093 823 195.
1129 759 1205 822 Suitl.

104 855 257 951 οὔχροιος
281 862 367 946 llipp.
390 861 464 925 Mul.
489 860 514 924 l.
539 857 612 924 758.
641 859 678 922 T.
702 858 741 922 ll.
775 855 987 948 λὀυκὸχροιος
1012 860 1148 944 Epitlcni.
1172 858 1206 923 ll.

104 962 181 1028 434.
204 962 242 1026 Τ.
265 961 317 1027 lll.
351 959 533 1048 παροίνοιοι
554 962 590 1025 dc
611 961 709 1025 Morb.
732 961 757 1025 l.
780 959 856 1028 209.
885 962 922 1025 Τ.
947 961 986 1025 ll.
1020 953 1209 1048 σύμπνοιαν

104 1067 192 1132 Aret.
211 1065 248 1128 de
263 1065 348 1149 Siga.
364 1066 454 1129 Acut.
471 1063 495 1127 l.
514 1061 566 1128 10.
587 1084 616 1147 p.
634 1061 688 1130 20.
712 1064 878 1148 similiaque
899 1066 936 1129 etl
954 1064 1069 1151 Phryn.
1086 1085 1117 1149 p.
1132 1062 1208 1128 495.

105 1168 214 1242 allata,
247 1167 351 1249 quibus
373 1166 510 1230 omnibus
534 1187 595 1229 non
616 1165 694 1230 idem
714 1167 903 1231 auctoritatis
924 1168 1075 1252 adjungo,
1107 1167 1209 1231 multo·

106 1290 164 1354 que
191 1268 315 1332 minoris
343 1269 469 1333 aestimo
497 1264 693 1356 ἐλαιόχραος
719 1268 822 1332 Αοοο.
847 1269 884 1332 tle
904 1268 997 1332 Alim.
1021 1290 1052 1352 p.
1071 1268 1152 1333 411.
1181 1269 1209 1332 in

105 1372 220 1435 Anecd.
236 1369 374 1435 Boisscu.
395 1372 431 1434 T.
449 1370 499 1434 lll.
523 1369 733 1460 μονόχραος,
756 1371 832 1455 quctl
853 1370 971 1435 Bastius
992 1373 1136 1456 produxit
1155 1372 1207 1456 Ep.

108 1472 184 1537 Crit.
209 1496 240 1558 p.
262 1472 316 1538 24.
349 1485 380 1536 ct
399 1472 583 1562 μολίχραος
610 1475 687 1555 qucrl
709 1472 920 1536 Boissouatlius
943 1473 1146 1539 inconsultius
1166 1495 1209 1538 re·

105 1576 227 1641 vucavit
255 1575 287 1639 iu
316 1575 457 1639 Philostr.
482 1576 554 1639 Her.
578 1573 666 1638 XlX.
696 1573 735 1650 9,
763 1572 837 1638 736.
886 1573 1073 1659 vulgatioris
1102 1577 1209 1641 laumas

106 1689 214 1743 neutra
231 1677 355 1763 pluralia
378 1678 513 1762 ambigua
532 1689 603 1741 sunt
624 1671 725 1743 rinnau
742 1674 949 1765 ταμεσίχροα
970 1678 1065 1742 Paull.
1085 1678 1140 1742 Sil.
1157 1679 1208 1763 llp.

105 1781 174 1847 xl..
194 1780 247 1845 54.
272 1780 364 1843 Auth.
385 1780 418 1844 Ρ.
437 1781 480 1842 X.
503 1801 535 1842 n.
556 1779 609 1843 69.
635 1780 726 1865 φῦλα
747 1776 970 1868 υρατερόχροα
991 1779 1113 1864 Oppian.
1132 1778 1209 1864 Cyn.

106 1883 159 1948 lll.
184 1883 259 1948 337.
290 1904 347 1946 nec
374 1881 443 1946 coin
466 1872 652 1969 μολιχρόυν
678 1882 818 1945 Philostr.
843 1880 955 1968 lmagg.
980 1883 1004 1947 1.
1029 1879 1062 1945 4.
1093 1880 1210 1945 decerni

106 1998 206 2070 potest
225 1985 413 2048 secundusne
436 1983 476 2045 sit
497 1982 704 2046 declinationis
731 2004 770 2047 an
792 1984 919 2060 tertiae,
949 1997 984 2048 ut
1004 1977 1210 2074 γλαυκόχροα

106 2080 239 2172 καρπόν
261 2086 344 2148 Pind.
366 2084 413 2149 lll.
435 2082 486 2146 lll.
510 2083 564 2147 23.
589 2078 751 2171 λιπόχροα
772 2084 901 2172 ταῦρον
921 2086 1022 2151 Νοιιο.
1043 2084 1136 2150 XIX.
1158 2083 1208 2151 65.

107 2193 141 2253 οἱ
168 2181 371 2273 μελάγχροες
400 2185 528 2247 Haradu.
558 2184 596 2248 ll.
629 2183 702 2250 104.
739 2187 845 2272 quibus
875 2190 1002 2272 praeivit
1032 2189 1210 2254 homericum

107 2285 234 2377 ἐγχείας
254 2284 488 2376 ταμεσίχροας.
520 2289 559 2352 Et
581 2288 669 2374 hujus
693 2310 778 2353 casus
800 2299 992 2355 transversos
1013 2303 1121 2374 poetae
1143 2313 1209 2355 neu·

107 2391 232 2455 trulibus
259 2411 375 2473 quoque
403 2402 584 2455 connectere
609 2392 726 2455 solent:
766 2386 948 2481 ὐχρόχροος
968 2386 1085 2475 ὑψόθι
1105 2388 1210 2460 νώτου

108 2492 182 2574 (uisi
200 2492 397 2557 masculinum
417 2495 476 2575 est)
496 2492 605 2557 loann.
622 2493 731 2577 Ecphr.
748 2493 772 2557 l.
790 2493 865 2559 283.
888 2487 1121 2585 μελανόχροος
1139 2492 1211 2562 dccl

106 2590 259 2680 καρήνου
272 2594 372 2658 Noun.
382 2593 496 2658 XXVl.
514 2594 588 2660 300.
609 2593 814 2685 οαμοοίχροϊ
826 2597 949 2683 κέντρῳ
964 2599 1127 2662 XXXVII.
1141 2598 1209 2663 379.

107 2697 232 2760 XLl'll.
259 2695 332 2761 124.
374 2696 471 2781 Vulgo
493 2708 593 2761 autem
616 2710 723 2763 neutra
744 2699 835 2763 attice
858 2701 1066 2764 declinantur:
1098 2699 1138 2768 τό
1160 2695 1212 2768 atl-

108 2821 197 2889 χρυν
220 2798 297 2861 Plat.
317 2797 410 2881 Legg.
435 2797 472 2861 ll.
497 2797 572 2863 655.
592 2800 630 2864 Α.
654 2801 750 2864 Arist.
770 2801 891 2865 Thesm.
916 2800 991 2864 644.
1016 2802 1092 2887 qu.
1120 2803 1209 2868 1171.

109 2896 223 2991 ἄχρων
245 2900 320 2963 Plat.
342 2900 463 2963 Charin.
489 2899 620 2966 1081).
644 2898 822 2992 πυρόχρωυ
842 2904 969 2967 Aristot.
992 2903 1081 2968 llhet.
1105 2906 1156 2969 lll.
1181 2905 1211 2970 3.

109 3001 265 3094 ὀμόχρων
286 3003 343 3069 καὶ
362 2997 541 3092 μονόχρων
566 3007 601 3069 de
625 3005 737 3069 Gener.
761 3009 842 3069 Anu.
866 3005 918 3068 lll.
944 3006 974 3069 1.
999 3027 1031 3089 p.
1055 3006 1134 3084 749,
1157 3007 1210 3073 20.

111 3128 139 3169 ο.
159 3106 190 3169 3.
216 3116 244 3189 p.
264 3104 338 3181 755,
358 3105 391 3169 4.
416 3106 466 3169 ulti
488 3108 571 3171 codd.
597 3108 672 3172 mire
695 3131 781 3192 qnam
803 3109 922 3172 variant
944 3106 1132 3197 ὁμόχρουν,
1151 3136 1213 3197 μο-

109 3199 271 3296 νόχροον,
292 3203 537 3298 μονόχρωμον,
561 3206 778 3300 μονόχρωον·
814 3210 903 3275 iidem
928 3208 972 3277 nul
992 3209 1150 3301 μονόχρω
1179 3215 1213 3276 de

111 3309 226 3375 lucess.
244 3310 282 3374 V.
303 3308 336 3375 6.
360 3333 389 3394 ρ.
407 3308 481 3387 786,
499 3311 531 3375 3.
555 3334 608 3396 pro
628 3309 801 3403 μουόχροα
823 3314 987 3398 praebent;
1016 3308 1137 3400 ἥπατα
1157 3309 1215 3383 sai*

110 3436 176 3502 χρυ
200 3411 236 3473 de
257 3410 339 3476 Part.
358 3412 439 3477 Anu.
458 3412 510 3477 lV.
530 3415 563 3479 2.
587 3437 616 3499 ρ.
635 3414 712 3496 622,
733 3415 787 3482 23.
826 3416 890 3480 Nec
912 3415 1149 3482 obliviscendum
1170 3424 1214 3482 est

111 3509 333 3602 μελαγχροιής
352 3536 370 3578 a
389 3509 485 3604 χροιοέ
507 3520 713 3602 compositura,
736 3520 772 3583 tle
794 3541 851 3603 quo
875 3517 975 3582 Sahal.
996 3518 1052 3583 ud.
1069 3523 1122 3587 Π.
1141 3519 1212 3584 175.

112 3609 334 3705 μολαχχροιής
355 3609 537 3692 ὀξυτόνως·
571 3623 673 3686 τοῦτο
702 3621 738 3688 (ll
765 3619 850 3688 αυτοὶ
875 3619 1051 3708 συχκοπήν
1071 3617 1215 3690 Ἀτυικο1

111 3720 301 3808 μὲλαχχρις,
324 3720 399 3801 quod
420 3741 467 3803 ap.
487 3721 647 3786 Moeridem
670 3744 699 3807 p.
720 3723 795 3790 262.
817 3723 1020 3813 μελάγχρης,
1040 3745 1059 3788 a
1076 3725 1216 3789 Bellero

113 3824 229 3889 rectius
246 3816 434 3908 μολαχχρής
454 3824 612 3900 scribitur,
643 3836 677 3888 ut
698 3835 729 3889 et
749 3826 819 3891 alibi
842 3826 951 3891 editum
975 3838 1024 3892 est
1048 3838 1079 3893 ut
1097 3827 1130 3889 iu
1151 3828 1215 3892 Me-

102 3927 221 3992 'uandr.
242 3925 293 3988 Fr.
314 3923 457 4000 CCCXL.
480 3925 555 3990 281.
580 3949 646 3990 cum
668 3940 776 3993 neutro
793 3931 932 4014 junctum
953 3918 1131 4016 μειρῶαθν
1153 3955 1214 4016 με·

115 4027 262 4117 λαχχρές.
310 4026 350 4090 Et
377 4018 480 4117 α’χρής
508 4049 624 4112 quaque
652 4030 734 4114 (non
762 4023 885 4120 οἵχρης)
915 4053 957 4097 ex
985 4023 1124 4122 α’χροιής
1152 4032 1213 4098 sive
