2506 4492
220 968 223 977 ’
307 967 694 1081 n1ssnnrarro
727 992 931 1084 nunu.

160 1177 214 1243 DE
236 1176 473 1246 PRAEGEPllS
498 1179 719 1263 QUIBUSDAM
740 1179 1077 1252 GRAMMATIGORUM

497 1282 740 1387 nuruonlon.

655 1386 697 1431 n'st!

57 1466 148 1572 Etsi
173 1503 280 1568 Critici
307 1505 340 1568 in
370 1504 563 1590 dijudicandis
592 1507 770 1573 lectionibus
800 1509 1004 1576 controversis
1029 1531 1171 1598 persaepe

56 1607 176 1670 aurium
193 1607 308 1691 judicio
333 1606 389 1671 niti
411 1607 523 1684 solent,
546 1619 646 1672 tamen
669 1631 756 1693 quam
777 1609 923 1677 lubricum
950 1613 990 1676 sit
1018 1612 1053 1676 (le
1077 1612 1170 1678 Grae·

57 1731 163 1784 corum
193 1731 286 1774 sensu
318 1710 493 1775 existimare
520 1709 570 1775 vel
600 1711 670 1774 hine
697 1709 827 1795 intelligi
856 1724 966 1796 potest,
996 1717 1074 1796 quod
1095 1736 1169 1799 quae

58 1811 253 1875 Grammatici
276 1824 307 1876 et
328 1813 480 1878 Rhetorici
509 1824 542 1878 ut
572 1813 785 1900 cacosyntheta
814 1824 845 1877 et
866 1814 1046 1879 inconcinne
1063 1817 1170 1902 juncta
1219 1806 1220 1812 δ

56 1919 177 1992 scunt,
200 1914 288 1979 hodie
309 1937 328 1979 a
349 1915 517 1999 legentibus
540 1937 579 1979 ne
602 1915 799 1981 animadverti
821 1916 938 2001 quidem
958 1915 1069 1994 solent,
1094 1938 1168 2002 quae

56 2036 132 2080 vero
150 2017 237 2081 nobis
259 2039 365 2102 aspera
394 2018 587 2102 pronuntiatu
608 2019 768 2103 audituque
790 2019 951 2096 videntur,
982 2040 1086 2084 eorum
1107 2021 1169 2085 ire·

59 2139 152 2202 quens
182 2120 333 2204 reperitur
360 2122 436 2204 apud
465 2132 586 2186 veteres
615 2143 700 2186 usos.
747 2121 881 2186 Donatus
903 2121 970 2186 Art.
995 2121 1046 2186 lll.
1072 2121 1103 2202 1,
1132 2122 1165 2186 4.

58 2230 157 2296 sunt,
179 2221 295 2306 inquit,
324 2225 423 2287 molae
450 2225 684 2310 compositiones
713 2221 750 2286 id
776 2233 824 2287 cst
848 2221 1103 2306 κακοσύνθετα,
1124 2258 1168 2276 ·-

60 2327 239 2399 metacismi,
263 2325 454 2409 labdaciemi,
482 2328 646 2401 aotoeicmi,
677 2325 781 2410 quibus
803 2326 1004 2410 sigmatismos
1026 2328 1167 2391 adnume-

60 2424 119 2487 rari
141 2437 259 2510 oportet
285 2439 317 2492 et
337 2428 546 2504 rhotacismos,
568 2428 701 2510 aliasque
724 2427 951 2489 consonantium
974 2438 1004 2488 et
1017 2426 1166 2490 vocalium

63 2526 228 2594 collisiones
249 2530 395 2607 absonas;
433 2551 491 2614 quo
514 2530 549 2592 de
572 2547 685 2613 genere
706 2526 861 2602 vitiorum,
890 2537 1031 2610 quantum
1053 2529 1089 2592 ad
1112 2549 1165 2593 no·

10 2686 12 2691 .
64 2638 150 2695 strum
171 2653 258 2696 usum
279 2633 423 2716 pertinet,
447 2631 558 2695 cursim
581 2631 730 2694 disserere
751 2629 934 2715 propositum
957 2641 1015 2696 est.

549 2803 593 2889 s·
618 2799 648 2864 1·
704 2774 707 2779 ’

139 2940 312 3004 Deltacismi
334 2960 443 3005 nomen
463 2938 617 3004 veterillus
639 2937 786 3022 ignotum,
818 2937 925 3002 vitium
946 2958 1160 3023 saepenumero

66 3044 268 3126 reprehensum
294 3055 353 3119 est,
384 3043 437 3107 sed
458 3042 631 3127 plerumque
654 3040 775 3126 injuria.
821 3041 923 3126 Etym.
941 3038 995 3139 ML
1004 3038 1080 3116 253,
1105 3039 1157 3105 11.

66 3141 147 3212 δείδω
182 3145 316 3214 δέδοιδα
352 3145 409 3213 καλ
433 3140 489 3212 διδ
521 3140 586 3231 τήν
623 3139 829 3229 scottellus
854 3141 931 3222 ἱτῶκ
967 3141 989 3208 δ
1013 3141 1156 3220 δέδοικα,

66 3266 137 3327 quarn
167 3249 329 3313 Herodiaui
360 3247 540 3312 sententiam
569 3247 662 3310 fuisse
691 3245 871 3329 intelligitur
899 3265 939 3308 ex
964 3243 1102 3309 Eustuth.
1127 3269 1157 3332 p.

50 3342 127 3426 lli,
148 3349 180 3414 8.
229 3352 327 3432 Quare
340 3362 440 3416 autem
453 3349 497 3413 sic
512 3359 692 3425 statuerent,
716 3349 790 3412 haee
811 3347 931 3412 videtur
947 3347 1039 3411 foisse
1055 3369 1157 3425 causa,

65 3452 127 3530 puel
153 3452 249 3520 δείδω
278 3455 311 3518 in
338 3475 395 3519 usu
415 3451 578 3538 reperitur,
606 3449 682 3519 δείω
713 3472 773 3515 nou
794 3450 879 3535 item,
911 3451 1043 3534 quodque
1065 3451 1158 3515 verba

62 3568 124 3635 pura
144 3556 302 3642 enallageu
324 3556 450 3631 vocalis,
475 3575 560 3639 quam
574 3556 739 3639 perlectum
752 3550 886 3620 δέδοικα
906 3552 1008 3632 subiit,
1033 3571 1156 3638 prorsus

65 3655 213 3742 utugiunt.
258 3658 365 3769 Νψ
384 3659 498 3724 illisio
519 3669 649 3722 mentem
672 3656 757 3722 venit
780 3659 872 3724 ἔοικα
894 3655 929 3720 ab
955 3653 1031 3723 εἴδω
1055 3672 1155 3717 arces·

66 3771 128 3823 tere.
146 3760 307 3826 alternat
329 3762 500 3827 evitandum
527 3749 779 3845 ἀλλεπάλληλον
800 3759 879 3823 delta
900 3757 1050 3844 genitivos
1065 3743 1153 3842 Σδρ-
1189 3785 1192 3789 ’

68 3852 119 3934 loc
138 3860 392 3954 nexuosae
413 3864 557 3929 coaonae
577 3860 930 3930 vocantuocant.
955 3881 984 3943 p.
1001 3855 1095 3920 1192.
1120 3867 1152 3920 α

66 3953 216 4034 ptt'sciuuuu
231 3967 334 4047 lV.‚6,
358 3965 413 4034 34.
437 3968 657 4056 „clamitatis
677 3986 784 4059 carue,
806 3963 1021 4124 inquitppcam
1037 3955 1155 4024 Graeci

981 4198 1015 4231 “⁴
1039 4207 1040 4210 ’
1090 4184 1113 4254 ¹,
1136 4204 1165 4257 κ

143 4284 215 4355 'u
284 4243 316 4336 Ἰ
