2506 4492
269 136 328 253 oc
356 188 520 255 soum.
550 187 721 256 uouos.
752 188 789 253 c.
810 188 834 254 ι.
866 190 895 273 ς.
918 189 950 255 a.
1118 188 1168 258 aa

53 366 130 455 puori
154 367 335 454 Sylburgius
357 367 523 432 Pausaniae
544 369 670 432 reddere
692 367 865 444 conabatur,
888 377 921 433 et
941 359 1062 455 πρεύς,
1087 370 1167 435 undo

53 467 254 558 πρευμενής
280 471 390 554 pendet
416 481 448 535 et
474 470 673 559 Πρευγένης
698 470 826 535 Paosau.
850 469 915 534 Vll.
944 469 1002 546 18,
1024 471 1058 536 4.
1089 471 1166 535 nulli

52 574 178 638 illorum
206 573 375 636 innotuisse
402 572 540 648 violetur,
574 593 631 637 uec
658 572 753 656 magis
780 572 1017 658 monosyllabum
1043 568 1106 660 ηὖς
1132 575 1165 638 in

52 676 196 760 inscript.
217 674 349 758 Phauag.
373 672 413 737 N.
433 673 530 740 2727.
550 674 621 739 Vol.
641 673 679 737 Il.
705 674 795 758 Corp.
816 674 912 739 Inscr.
935 668 1001 760 ηὖν
1023 674 1057 741 ‹tt
1081 697 1165 743 ουν-

52 772 176 867 opperior
202 776 313 866 χῶρον
339 780 427 867 ἔχοις
454 776 656 865 φθιμένων,
687 778 772 862 cujus
799 777 965 842 emendatio
989 777 1085 843 lucilla
1110 778 1164 843 sot

53 883 174 946 incerta
195 890 254 943 cst.

141 1027 257 1100 Οὐδὲν
284 1035 332 1108 εἰς
359 1017 417 1107 otc
437 1023 529 1120 λήγει
556 1023 607 1096 ὅτι
632 1025 683 1116 μή
709 1020 822 1116 μόνον
850 1023 889 1096 τό
916 1027 969 1105 οἷς
994 1028 1051 1097 eol
1078 1024 1165 1118 παρ’

52 1130 221 1209 Ἀττικοῖς
241 1134 280 1201 τὸ
303 1143 410 1222 φθοῖς
433 1134 531 1198 Sohol.
556 1132 634 1196 Ven.
658 1130 710 1194 III.
736 1130 809 1196 198.
836 1131 1003 1196 Paullulum
1025 1134 1164 1198 immutat

52 1236 159 1323 Etym.
179 1238 222 1301 M.
246 1232 321 1317 620,
345 1237 400 1303 23.
427 1240 456 1303 οἱ
475 1231 526 1322 pop*
547 1227 659 1320 μόνον
681 1230 719 1298 τὸ
741 1233 794 1307 οἷς
815 1232 900 1320 παρ’
921 1229 1085 1310 Ἀττικοῖς
1106 1235 1164 1303 not

53 1337 92 1405 τό
118 1344 245 1424 φθοῖς,
276 1362 350 1423 quac
375 1339 488 1424 pariter
514 1337 604 1400 attica
628 1346 709 1402 suot.
744 1337 871 1401 ¹Nomen
897 1337 1011 1424 φοῑδες
1033 1339 1160 1403 Aristot.

54 1440 157 1505 Probl.
178 1440 350 1505 XXXVIII.
372 1440 404 1505 7.
429 1442 505 1525 quod
526 1440 699 1525 plerumque
722 1437 828 1526 φῷιῖες
851 1441 1003 1517 scribitur,
1029 1442 1162 1528 siugula-

54 1564 118 1606 rem
142 1543 362 1628 habere-,negat
386 1542 573 1628 Phrynichus
595 1545 669 1625 App.
693 1564 722 1624 p.
747 1539 800 1605 70.
828 1579 871 1589 -
900 1542 1105 1628 IlIouosylloba
1128 1544 1161 1608 iu
1205 1575 1209 1580 ·

53 1631 114 1718 ὀἷς
139 1645 338 1731 parisyllabac
361 1644 568 1708 declinationis
593 1654 624 1707 et
644 1643 882 1728 imparisyllabae
904 1645 1052 1727 permixte
1076 1646 1162 1710 exhi·

55 1749 104 1811 bct
125 1748 313 1811 Herodianus
339 1771 370 1832 p.
396 1747 454 1823 14,
476 1746 531 1811 23.
565 1744 676 1819 Γλοῦς
701 1741 719 1810 ὁ
743 1737 867 1835 λῃστής
894 1746 940 1830 (ν.
965 1746 1099 1810 Wcssel.
1125 1749 1162 1812 ad

55 1847 306 1937 1110471143),
327 1849 440 1929 ιινοὺς,
464 1849 561 1937 βοῦς,
584 1844 660 1929 οὖς,
683 1840 781 1928 πούς,
804 1848 880 1931 quod
903 1869 994 1910 unum
1018 1847 1074 1912 huo
1094 1870 1162 1932 per·

56 1951 130 2014 linet
147 1962 320 2035 temereque
340 1973 405 2015 cum
422 1953 571 2035 prioribus
589 1953 744 2017 conlusum
763 1962 825 2029 est3
851 1971 918 2014 nam
936 1949 987 2014 illa
1006 1950 1162 2034 diphthon-

57 2076 121 2138 gum
147 2054 199 2117 vel
221 2054 354 2118 vocalem
376 2055 495 2138 longam
518 2054 644 2130 babent,
676 2049 763 2127 πούς
786 2074 860 2117 vcro
886 2066 917 2118 et
938 2046 1037 2128 ὁδούς
1062 2054 1160 2119 auctis

57 2157 176 2242 syllabis
192 2157 228 2220 all
246 2148 376 2220 nativam
394 2156 570 2220 brevitatem
586 2146 663 2237 (πός
681 2167 711 2220 et
730 2147 840 2240 ὁδόνς)
855 2155 1043 2220 relabuntur.
1075 2155 1159 2223 Unde

58 2259 190 2343 arguitur
213 2258 479 2322 Grammaticorum
501 2280 604 2334 error,
628 2270 733 2322 contra
754 2259 902 2323 rationem
924 2258 990 2322 lieri
1012 2258 1122 2323 affirma
1146 2297 1159 2309 ·

59 2361 125 2428 tium
144 2362 222 2444 quod
241 2372 399 2444 utrumque
418 2361 536 2423 acuitur
557 2382 588 2423 v.
606 2359 745 2444 Apollon.
767 2361 802 2424 ‹le
817 2359 948 2423 Adverb.
965 2382 994 2443 p.
1011 2359 1086 2437 544,
1103 2282 1156 2424 31.

61 2459 161 2525 Ioann.
182 2486 212 2548 p.
233 2462 265 2542 7,
286 2461 339 2526 33.
363 2463 477 2527 Aueol.
502 2485 531 2546 p.
555 2461 649 2525 1159.
674 2473 733 2524 etc.
768 2461 865 2542 Atque
889 2455 987 2531 ὁδούς
1009 2481 1159 2545 nunquam

64 2563 142 2628 aliter
164 2576 300 2629 notatum
323 2577 387 2643 est3
423 2564 547 2627 alterius
570 2572 711 2625 accentus
736 2559 835 2624 minus
861 2561 917 2624 sibi
940 2569 1075 2639 constat,
1106 2562 1160 2627 soll

66 2669 129 2747 qood
151 2668 348 2732 Buttmanuus
375 2666 446 2731 dicit
468 2664 600 2728 Gramm.
626 2665 654 2747 §-
677 2662 731 2733 41.
755 2664 833 2727 Adn.
858 2662 890 2727 8.
920 2662 1013 2727 multo
1040 2663 1169 2748 saepius·

65 2768 139 2842 τοῦς
160 2769 220 2854 legi
241 2791 326 2853 quam
345 2763 442 2848 πούς,
465 2769 539 2832 adeo
558 2767 664 2830 falsum
689 2776 747 2842 est,
771 2779 806 2830 ut
822 2789 893 2852 prae
912 2769 1014 2832 decem
1033 2766 1159 2831 circum-

67 2866 192 2935 lexiouis
215 2873 363 2957 exemplis
387 2882 506 2935 centum
529 2869 680 2934 contraria
702 2870 829 2954 proferri
851 2871 977 2956 possint.
1016 2870 1076 2932 Soli
1100 2868 1159 2932 Ilo·

69 2973 156 3055 sychio
182 2983 286 3038 notum
310 2974 440 3060 Στροὺς
462 2967 480 3039 ὁ
504 2971 674 3059 στροῦθος
701 2973 758 3039 καὶ
784 2967 926 3059 ὄσπριον
954 2973 1158 3054 quaestionem

70 3070 210 3140 detrectat.
255 3076 402 3141 Neutrum
430 3078 462 3139 in
489 3074 543 3139 hoc
565 3096 693 3138 numere
719 3096 811 3138 unum
837 3072 1086 3158 deprelteudltur3
1118 3067 1158 3138 τό

71 3168 115 3250 οὖς
133 3170 271 3246 discolo
293 3184 400 3269 ἐστιν,
432 3173 531 3243 οὐδὲν
552 3174 616 3267 pcip
640 3171 817 3264 οὕδὲτὲρον
842 3179 888 3248 οἷς
907 3158 970 3248 ἧς
991 3174 1099 3264 λήγει,
1127 3178 1160 3242 el

69 3275 106 3365 μή
123 3274 236 3366 μόνον
257 3278 296 3348 τὸ
318 3278 376 3357 οὖς
400 3281 600 3346 Choerobosc.
624 3279 656 3343 iu
678 3279 780 3366 Etym.
804 3279 847 3342 M.
870 3275 946 3343 639.
970 3273 1003 3342 8.

562 3498 589 3582 ς.
616 3496 648 3563 a.

137 3635 191 3701 His
221 3637 371 3722 percursis
399 3656 493 3720 pauca
521 3633 704 3720 subjicienda
733 3643 804 3697 suut
830 3634 866 3698 de
895 3635 1033 3700 consonis
1061 3635 1157 3717 sigma

71 3731 142 3802 lualc
163 3741 420 3804 antecedentibus.
464 3739 521 3801 Est
546 3747 646 3800 autem
674 3736 794 3799 unicum
822 3736 916 3822 hujus'
935 3733 1155 3802 terminationis

72 3853 162 3925 tomen
190 3843 373 3927 primitivum
403 3841 539 3925 idcmque
567 3840 600 3903 iu
629 3837 793 3905 communi.
845 3861 864 3902 u
892 3841 1018 3922 positum
1050 3832 1067 3901 ὁ
1095 3831 1157 3930 oilla

73 3929 196 4008 Herodot.
222 3944 273 4008 IV.
299 3943 372 4009 185.
402 3945 529 4008 Aristot.
553 3940 653 4006 Probl.
682 3941 706 4004 I.
731 3935 783 4004 38.
856 3936 879 4004 I.
903 3939 935 4005 9.
966 3938 1082 4003 etalio
1109 3931 1157 4000 in·

74 4037 165 4110 ellectu
191 4042 315 4134 ἦοῖλς,
348 4068 515 4134 quanquam
540 4044 615 4110 illud
641 4044 819 4128 plerumque
845 4041 1003 4127 pluraliter
1028 4040 1172 4122 uicinos
