2506 4492
123 256 126 261 Ι
240 169 299 233 bn
324 166 953 255 ptOMIN.tt0N08.c.111.§.4.
1097 163 1201 290 169,

52 349 112 418 καὶ
142 344 221 415 α’λκό
252 344 295 423 σός
323 346 422 435 σαρκί
455 348 554 435 Sebol.
580 348 657 412 Ven.
673 350 726 415 ·E.
750 349 826 417 299.
858 351 982 416 -Eadem
1012 355 1166 440 conjungit

55 454 164 518 Snidas
188 448 290 519 Ἰώκα
305 447 455 538 ’Όμηρος
482 451 568 538 λέγει
593 448 658 537 τήν
680 445 785 539 ἰωκήν
815 449 859 527 οἷς
884 451 1042 530 Ἡσίοδος
1063 452 1166 542 κρόκα

56 554 122 642 τήν
144 547 269 642 κρόκην
287 554 344 621 καὶ
366 550 468 628 αὐτός
482 551 633 643 ’Όμηρος
653 551 719 641 τήν
741 548 848 641 α’λκήν
870 550 956 624 όῖλκα
965 606 977 635 ,
1007 554 1085 627 cibel
1104 586 1167 627 πε·

56 651 204 732 ποιθιός.
248 657 357 722 Dativo
378 656 497 747 κλαγγί
517 657 637 743 Ibycum
653 680 739 721 usum
762 679 829 722 esse
848 660 935 724 docet
950 661 1167 727 Grammaticus

56 763 88 826 in
112 760 230 826 Auecd.
256 759 356 824 Cram.
388 760 412 824 l.
437 760 490 824 65.
515 761 601 844 idque
624 783 691 824 cum
714 754 801 841 o'c'tdt,
823 760 930 843 κλαδί,
953 759 1074 850 σ’σμῑνι
1097 787 1167 829 con-

57 865 176 938 tendit,
206 873 346 946 tanquam
376 862 596 947 metaplastnm.
649 863 846 928 Accusativos
875 863 973 951 κρόκα
1003 877 1035 930 et
1062 860 1167 954 κρόκα

58 965 228 1052 Hesychius
249 965 358 1029 alicubi
379 966 497 1030 invenit
518 987 572 1050 pro
589 964 705 1052 κρίκον
722 977 752 1029 et
767 960 900 1052 κρόκον.
946 969 995 1032 Ex
1010 967 1067 1044 bis,
1092 990 1168 1052 quae

57 1071 89 1133 in
105 1067 244 1132 labialem
268 1080 394 1144 exeunt,
418 1090 527 1132 nomen
552 1063 600 1152 όψ
615 1089 720 1132 vocem
742 1069 914 1153 significans
938 1072 1061 1155 ejusque
1079 1090 1166 1135 casus

60 1170 255 1235 Grammatici
277 1171 451 1254 saepissime
473 1171 625 1255 attingunt
647 1171 713 1234 siue
736 1171 797 1234 ullo
820 1173 1018 1237 aberrationis
1039 1173 1167 1249 indicio;

57 1274 187 1338 alterum
208 1284 308 1336 autem
332 1274 400 1337 huic
422 1272 518 1338 simile
537 1272 718 1338 Aristoteles
741 1286 771 1338 et
787 1272 908 1350 Strabo,
934 1296 1023 1358 quum
1045 1277 1078 1341 in
1102 1275 1166 1340 solo

57 1377 245 1440 nominativo
266 1367 468 1460 reperissent,
504 1398 545 1439 ex
568 1371 649 1462 όψις
677 1377 864 1440 decurtatum
895 1398 962 1442 esse
997 1389 1169 1443 statuerunt

57 1502 89 1543 v.
121 1479 224 1541 Sturz.
256 1478 293 1542 ad
320 1469 442 1561 Emped.
473 1500 502 1562 p.
527 1477 603 1543 622.
636 1491 668 1542 et
693 1479 846 1562 obliquos,
878 1480 904 1543 si
934 1481 999 1564 quis
1029 1493 1169 1545 veterum

56 1580 246 1665 usurpasset,
271 1581 462 1665 metaplastos
489 1581 638 1644 dixissent
659 1581 709 1644 vel
734 1582 844 1665 alioqui
874 1583 997 1646 allectos
1018 1583 1170 1672 utrique,

55 1680 145 1770 όφα,
168 1680 260 1763 λίποι,
282 1678 385 1768 κόρα,
409 1705 533 1766 quorum
557 1683 690 1746 omnium
713 1685 827 1748 nullum
849 1686 904 1749 hac
926 1686 1043 1749 ratione
1066 1687 1169 1750 cxsol-

57 1788 170 1851 vimus.
215 1785 320 1870 Noque
346 1780 401 1873 οόψ
424 1786 522 1850 miuus
545 1786 709 1872 legitimum
733 1808 890 1852 censemus
912 1809 999 1870 qnam
1021 1781 1117 1874 κλιόψ
1140 1799 1171 1853 et

59 1886 170 1975 σκώψ,
187 1889 401 1972 fortuitnmquc
424 1909 493 1952 esse
515 1911 618 1953 remur
639 1890 715 1973 quod
737 1901 770 1953 ut
793 1882 868 1976 ω’πή
890 1891 955 1955 sive
974 1882 1110 1976 ὀπωπή,
1126 1891 1169 1954 sic
1202 1968 1205 1973 Ι

58 1994 153 2057 etiam
175 1988 302 2078 ἐνοπή,
326 1983 458 2078 ἕπωπή,
480 1988 646 2080 περιωπή,
667 1994 913 2078 praevaluerunt.
960 1993 1062 2078 ltaque
1082 2013 1172 2057 causa

59 2095 146 2159 nulla
174 2117 228 2158 cur
259 2092 438 2162 κατόνωπα
467 2095 614 2159 scribatur
639 2098 912 2183 proparoxytondS,
942 2107 976 2160 ut
1001 2095 1111 2160 Alexio
1140 2106 1171 2158 ct

59 2198 249 2262 Herodianus
283 2198 458 2283 jusserunt,
490 2198 573 2280 quasi
613 2211 800 2264 contractum
834 2219 875 2263 ex
912 2195 1104 2267 κατενώπιον
1136 2210 1172 2262 ut
1233 2208 1236 2219 '

43 2301 170 2388 μῆρα,
192 2313 280 2379 σῖτα,
303 2301 355 2363 sed
380 2299 545 2363 retinemus
567 2297 639 2366 κατ’
665 2303 780 2369 ἐνῶπα
803 2324 869 2366 cum
891 2302 1088 2379 Aristarcho,
1110 2301 1171 2366 nti-

61 2425 121 2488 que
144 2425 204 2466 non
234 2413 269 2466 ut
296 2401 341 2464 illi
361 2403 479 2477 visum,
512 2401 597 2469 κατιὶ
625 2401 876 2490 μεταπλασμόν
903 2398 982 2471 οἷντὶ
1002 2404 1065 2470 τοῦ
1087 2400 1199 2469 ἔνιψ’

60 2500 135 2593 πήν
168 2505 269 2570 Schol.
293 2505 328 2569 lt.
355 2506 399 2572 O.
423 2503 497 2569 320.
523 2507 624 2591 Etym.
650 2507 690 2569 M.
714 2505 791 2582 496,
822 2505 854 2569 7.
878 2506 965 2568 Eust.
991 2504 1087 2580 1017,
1112 2503 1166 2567 64.

61 2612 118 2676 sed
145 2621 284 2694 tanquam
312 2608 464 2671 residuum
493 2607 642 2670 obliterati
664 2607 841 2670 nominativi
862 2598 976 2692 ἔνιόψ,
1007 2608 1091 2691 cnjus
1120 2627 1173 2671 ve·

63 2713 187 2799 stigium
201 2712 345 2795 quoddam
358 2710 429 2772 mihi
454 2731 578 2774 cernere
601 2711 707 2774 videor
727 2709 923 2793 inscriptura
940 2709 1074 2774 codicum
1086 2709 1168 2774 Stob.

64 2816 150 2881 Flor.
174 2816 234 2878 Tit.
258 2812 399 2877 LXXIV.
431 2811 483 2877 61.
509 2836 538 2897 p.
561 2812 644 2889 445,
674 2813 707 2876 8.
739 2807 892 2903 χρώματι
924 2811 960 2879 de'
988 2809 1173 2900 φαιδρύνε-

65 2927 155 2986 σθαι
174 2916 239 2984 τόν
261 2916 407 3006 ποτσόπα
428 2913 478 3002 μή
500 2915 638 3004 ἐπακτῷ,
667 2916 718 2979 ubi
738 2916 892 3001 vulgatum
926 2927 972 2980 est
993 2916 1171 2984 ποτιόπαν.

66 3025 127 3088 Sed
148 3022 253 3086 horum
279 3021 431 3083 nominum
457 3042 519 3083 non
541 3021 642 3084 eadem
667 3030 713 3084 est
734 3018 914 3084 aestimatio.
959 3016 1036 3082 Nam
1057 3012 1116 3094 ott}
1138 3019 1174 3083 li·

65 3125 144 3190 teris
166 3125 345 3189 terminatur
372 3123 410 3186 iis
433 3123 537 3206 quibus
559 3122 642 3186 nulla
662 3121 722 3187 alia
743 3143 807 3186 vox
828 3140 947 3206 graeca.
995 3121 1076 3202 Quae
1099 3143 1173 3186 vero

68 3229 175 3293 eodem
192 3227 305 3313 judicio
329 3225 542 3310 comprehensa
565 3236 648 3301 suut,
671 3217 791 3312 κλόγξ,
816 3218 915 3304 στόξ,
941 3215 1038 3306 πτόξ,
1065 3218 1122 3312 eid!
1144 3237 1175 3290 et

68 3343 191 3406 cetera,
217 3328 432 3393 nihilaebabent
460 3329 492 3390 in
521 3350 577 3412 quo
600 3326 710 3391 offendi
731 3328 849 3412 possit,
881 3327 940 3391 nisi
972 3328 1049 3411 quod
1069 3315 1200 3392 mono-⁸

60 3433 184 3519 syllaba
206 3443 288 3507 sunt,
314 3434 399 3516 cujus
421 3431 541 3518 generis
562 3432 594 3494 iu
616 3441 743 3514 utroque
766 3451 904 3494 sermone
928 3452 1001 3495 usus
1024 3431 1134 3495 rarior.

154 3533 222 3601 Jam
244 3557 318 3600 vero
339 3535 376 3597 ad
399 3555 434 3598 ea
448 3533 664 3618 transgrediar,
687 3553 762 3615 quae
775 3553 829 3596 cur
840 3534 978 3619 adoptata
991 3535 1065 3610 sint,
1088 3554 1175 3620 pror-

66 3659 122 3705 sus
151 3639 225 3701 nibil
251 3637 378 3701 rationis
407 3637 508 3701 afferri
524 3645 660 3722 *potest*
703 3635 834 3699 Primum
862 3637 955 3722 igitur
976 3634 1116 3706 Λαόόνι
1143 3644 1175 3698 et

68 3739 370 3813 Awdoiro'l'echuici
383 3740 534 3824 proprium
556 3738 773 3803 nominativum
788 3737 898 3804 babere
920 3750 1044 3825 negant,
1066 3738 1118 3801 sed
1134 3757 1175 3809 es

67 3846 166 3930 prima
187 3844 386 3909 declinatione
418 3845 454 3907 ad
476 3842 596 3906 tertiam
618 3842 787 3906 aberratum
810 3862 877 3908 esse
898 3864 930 3907 v.
952 3839 1122 3925 Stephanus
1144 3858 1171 3901 S.

68 3971 101 4011 v.
124 3948 259 4012 Joauues
280 3969 309 4031 p.
335 3945 387 4011 11.
413 3958 445 4010 et
468 3945 581 4010 Aneed.
605 3966 635 4028 p.
648 3943 743 4011 1228.
769 3945 819 4030 qui
841 3967 906 4009 cum
928 3944 981 4008 illo
1004 3951 1175 4023 comparant

68 4048 193 4139 όσμῑνι
213 4050 417 4127 homericum,
447 4049 621 4136 Sappbieum
650 4048 713 4114 τοῦ
734 4047 911 4126 κίνδυνος,
938 4047 1022 4131 cujus
1044 4041 1174 4155 dativum
