2506 4492
287 156 346 220 on
373 126 571 221 eunucu.
602 152 804 221 sunnon.
836 157 865 239 ς.
889 156 921 220 a.
1123 158 1166 223 sn

51 349 223 405 assumtum
245 357 313 402 csse
334 336 367 400 in
387 336 486 402 locnm
516 335 630 420 antiqui
651 333 808 399 mebreseo
829 336 878 419 (ut
899 334 1066 422 nigrasse),
1095 359 1167 422 quo

51 443 142 506 modo
165 439 370 514 traosb‘lhna,
385 442 429 523 ¹⁴)
452 440 672 524 praestigiae,
699 456 818 522 prosc,
853 430 1085 528 nsqnsoaipect
1124 440 1168 507 At

52 546 159 610 eadem
186 542 278 607 litera
306 540 477 626 geminatur
508 562 570 605 non
597 540 694 605 solum
717 540 750 604 in
773 539 886 603 erebro
908 549 940 604 ct
960 541 1084 619 medon,
1114 546 1168 609 sed

51 649 146 713 etiam
167 646 200 710 in
222 642 399 709 derivativis
428 643 575 720 cribrum,
600 643 764 731 probrum.
809 641 910 735 ltaque
933 644 1010 727 quod
1035 659 1168 737 κραῑρα,

52 748 254 838 ἡμίκραιρα,
282 745 441 834 κραῦρος,
463 746 495 809 in
518 746 668 811 cummuni
683 744 814 809 omnium
830 764 887 811 usu
901 757 1063 811 versantur
1080 759 1169 836 atque

51 855 129 918 adeo
157 851 280 936 antiqua
308 849 409 914 Atthis
435 843 626 935 καύκραρος
655 848 769 935 recepit
790 871 844 933 pro
865 839 1063 934 ναύκληρος,
1085 863 1117 917 et
1135 854 1168 917 in

54 955 198 1041 lnscript.
223 953 385 1039 Tegeatica
405 951 446 1017 N.
465 950 561 1029 1513,
583 953 614 1016 b.
635 974 667 1015 v.
695 950 748 1028 15,
776 948 850 1016 700.
894 951 1094 1038 Κραριῶται
1115 976 1169 1041 pro

51 1056 270 1145 Κλαραῶκαι
295 1077 357 1121 non
372 1055 481 1131 obstat,
504 1053 662 1139 quominus
683 1049 813 1141 Φατρῖα
836 1074 868 1117 v.
888 1053 994 1118 Corais
1015 1056 1052 1118 ad
1074 1054 1167 1123 lsucr.

50 1182 83 1246 p.
111 1160 186 1224 137.
210 1154 403 1246 δρύφακτος
419 1157 476 1243 ¹⁵),
496 1152 738 1246 χαλκεομ-ἰτωρ,
769 1153 960 1242 sperante,
990 1152 1171 1247 θιπόβρο-

51 1286 114 1337 τος
135 1261 268 1348 Hesych.
291 1260 410 1325 aurium
436 1259 638 1344 gratiaascita
653 1280 721 1325 esse
740 1261 913 1341 credamus3
943 1281 1012 1325 nam
1027 1281 1170 1348 persaepe

53 1387 112 1430 nsu
130 1365 230 1440 venit,
250 1373 285 1427 nt
306 1362 479 1429 fastidiosus
501 1361 554 1425 ille
575 1361 742 1435 concinnae
762 1362 986 1448 compositionis
1009 1384 1117 1429 sensus
1138 1365 1170 1428 in

54 1479 173 1553 tempus
195 1466 336 1530 hebescat
357 1487 431 1530 mox
451 1464 635 1530 revicturns.
680 1463 745 1529 Nec
760 1464 963 1549 scrupulosius
977 1487 1169 1550 quaeramus,

54 1592 109 1635 cnr
136 1570 172 1634 in
194 1578 339 1655 puteaco
362 1566 484 1652 sobrie,
519 1566 630 1630 omissa
658 1566 700 1630 sit
720 1566 822 1644 litera,
853 1589 928 1651 quae
952 1568 984 1633 in
1015 1568 1170 1653 tarsenae,

55 1673 178 1737 arbiter
208 1682 270 1736 etc.
301 1681 423 1754 practer
452 1668 664 1732 necessitatem
693 1679 824 1731 assumta
854 1681 919 1746 est,
957 1671 1036 1735 sient
1064 1669 1172 1734 Graeci

54 1775 188 1840 animum
209 1774 247 1837 ad
279 1771 448 1861 κορκακῶ,
477 1762 658 1858 μορμύρω,
684 1769 883 1857 poscentique,
913 1774 1081 1836 relerentes
1111 1794 1173 1837 ma·

56 1878 182 1942 luerunt
202 1867 383 1963 deoduinus
415 1875 514 1938 dcere
545 1895 631 1958 quam
654 1866 813 1941 duddrodo
836 1871 887 1936 vel
913 1866 1109 1962 δαβδοῖπτω.
1130 1910 1173 1922 -

54 1980 100 2044 Dc
122 1978 301 2066 sigmatismi
322 1979 394 2063 fuga
415 1974 542 2042 Vossius
564 1976 601 2040 ad
622 1975 660 2039 Η.
684 1975 722 2038 H.
739 1974 771 2037 in
785 1973 856 2037 Cer.
875 1972 948 2039 135.
970 1977 1122 2041 subtiliter
1142 1987 1174 2041 et

57 2093 165 2167 argute
188 2080 321 2160 disserit,
350 2078 512 2143 Homerum
535 2089 565 2143 et
586 2088 620 2142 nt
642 2079 766 2162 quisque
789 2077 854 2160 ejus
875 2079 968 2142 fuerit
988 2079 1172 2163 simillimus,

59 2194 119 2248 mm
140 2184 277 2249 studiose
298 2181 412 2268 fugisse
433 2181 549 2261 sibilos,
573 2191 608 2245 nt
629 2200 725 2265 neque
748 2178 844 2267 φρεσὶ
867 2180 961 2271 opos,
992 2202 1089 2265 neque
1111 2175 1175 2250 tt-

59 2309 143 2366 oeos,
178 2306 277 2370 neque
306 2283 553 2371 σεσοφισμένος
580 2293 634 2347 aut
661 2281 741 2346 aliud
773 2281 841 2366 quid
869 2281 916 2346 his
944 2303 999 2368 par
1019 2294 1052 2348 et
1074 2283 1173 2349 simile

60 2388 264 2455 admitterent.
310 2387 368 2452 Sed
384 2386 458 2451 haec
472 2384 618 2451 scribenti
637 2384 815 2449 exciderant
834 2383 985 2448 homerica
1007 2384 1176 2474 κροίοσοσι

10 2592 17 2729 q
127 2590 245 2658 1011oe
262 2590 350 2659 aptius
372 2596 415 2642 ast
438 2605 514 2658 quam
532 2602 599 2656 quae
618 2587 788 2638 Schneiderus
806 2591 941 2637 enumerat
958 2583 1072 2637 Gramm.
1091 2585 1123 2638 Τ.
1140 2584 1173 2639 ll.

10 2736 12 2745 ¹
66 2693 89 2742 p.
107 2675 168 2736 ste.
194 2684 223 2729 ct
246 2677 305 2731 5⁰8.
331 2676 462 2736 fretellus,
488 2675 593 2727 libellus
618 2680 667 2724 etc.
694 2673 755 2741 quia
778 2671 856 2725 litera
873 2679 886 2724 t
902 2673 930 2724 in
945 2672 1078 2742 primitivo
1097 2678 1176 2726 muna

10 2752 15 2815 l
66 2777 112 2813 non
129 2764 206 2824 inest,
226 2763 272 2814 sed
289 2762 414 2813 remansit
431 2777 465 2813 ex
481 2760 663 2813 terminatione
682 2763 845 2812 mamtrum.

130 2847 177 2915 lh)
197 2846 309 2899 Veteres
333 2848 499 2914 compositum
529 2862 587 2900 essa
618 2852 727 2913 putant,
760 2844 933 2898 Schneiderus
963 2852 991 2899 et
1019 2845 1175 2899 Schaelcrns

10 2918 17 2959 5
69 2934 98 2984 ad
113 2933 184 2986 Plut.
203 2932 236 2986 T.
259 2931 292 2984 V.
316 2933 360 2986 38.
384 2932 492 2999 simplex
516 2946 532 2983 a
555 2931 635 2985 verbo
658 2921 798 3002 δρκφᾶοσα
816 2932 860 2983 vel
876 2928 1000 3002 δροφοίζα
1018 2933 1173 2995 derivatum,

12 3012 29 3145 q
69 3020 106 3071 cui
120 3018 279 3080 includendi.
298 3018 413 3087 sepiendi
427 3019 638 3084 significationem
650 3015 771 3068 tribuunt
784 3017 1061 3087 auetoreLycopbrune
1075 3018 1174 3074 satit.

69 3101 134 3172 χηῖἆκ
154 3100 340 3175 mutatores
370 3095 514 3191 damvdpm
536 3092 619 3173 ravair
642 3109 670 3153 et
692 3117 720 3153 v.
746 3101 806 3155 785.
832 3107 930 3172 οτέρκι
951 3099 1178 3175 decimum,

15 3150 25 3235 l
70 3191 131 3256 qnod
149 3197 259 3259 unoque
273 3190 330 3243 loco
343 3190 498 3242 scholiastae
511 3191 719 3257 interpretantur
735 3181 891 3258 οἶοφαλίοαι,
908 3188 1094 3245 κατακλεῖσαι.
1125 3189 1177 3241 Sed

71 3272 224 3328 desecando
241 3277 297 3328 loco
314 3275 476 3344 apertissime
493 3284 583 3328 errant
596 3264 747 3341 omninoque
763 3274 808 3341 qni
819 3273 916 3327 laetum
928 3276 972 3337 sit,
992 3283 1023 3329 ut
1035 3270 1177 3347 dpopss'csos

19 3346 29 3469 q
56 3368 118 3419 hm
143 3369 268 3416 remotam
292 3376 309 3413 u
331 3362 462 3430 primitivo
494 3356 605 3430 dpdrrras
634 3358 845 3426 significationem
870 3362 1007 3430 acceperit,
1040 3361 1104 3413 adeo
1127 3376 1176 3413 non

23 3478 29 3519 2
72 3456 150 3513 potest
164 3448 287 3513 intelligi,
303 3455 334 3499 ut
348 3449 435 3514 priore
448 3448 503 3501 loco
516 3442 695 3517 κατεδρῦφαξο
706 3462 752 3514 pre
763 3443 899 3512 κατέξαινε,
914 3450 1080 3514 nacturum,
1095 3449 1176 3501 auat

24 3528 28 3541 '
73 3536 115 3596 ott,
191 3538 197 3552 '
263 3537 282 3586 't
304 3535 415 3601 positum
440 3535 552 3596 credam,
578 3533 629 3584 nisi
654 3533 789 3602 Lycopbro
813 3532 868 3598 ipse
893 3534 978 3601 specie
1000 3534 1177 3587 similitudinis

25 3616 32 3659 ἰ
74 3619 187 3695 deeeptus
257 3620 292 3672 ha
315 3614 492 3675 disertissima
517 3612 659 3688 δρυφοῖοοα·
681 3626 709 3670 et
733 3615 873 3687 dorpanei
898 3619 1015 3672 contudit
1034 3630 1081 3674 aut
1098 3621 1176 3673 etiam
1222 3634 1235 3655 ··

28 3692 34 3727 ¹
74 3694 267 3780 mutilem
293 3707 404 3775 scripsit.
454 3704 580 3760 Veterum
610 3704 764 3755 sententiam
790 3704 922 3756 confirmat
947 3714 1083 3769 ucccntns;
1118 3720 1176 3757 nam

75 3789 162 3859 ubique
184 3793 312 3845 scribitur
335 3788 485 3881 dpipqpsroe
501 3798 532 3843 ut
548 3784 741 3859 ξρλᾶφρακτοο,
763 3789 814 3840 etsi
832 3792 989 3843 contrarium
1002 3790 1081 3856 jubet
1095 3792 1175 3843 Area·

77 3873 126 3928 dius
142 3894 167 3947 p.
183 3878 229 3940 83,
250 3878 292 3933 lh.
313 3878 357 3946 qui
374 3877 485 3930 fortasse
498 3876 572 3938 illud,
592 3874 654 3943 quia
667 3875 826 3927 substantivi
843 3877 1003 3929 intellectam
1017 3875 1105 3936 habet,
1124 3874 1176 3926 ulio

10 4016 15 4024 ,
79 3965 144 4027 atquc
167 3963 299 4030 adjectiva
315 3971 423 4016 accentu
441 3963 578 4015 notandum
603 3965 726 4031 putavit;
751 3971 866 4015 ceterum
883 3964 937 4031 ipse
955 3960 1100 4029 compositis
1116 3961 1176 4014 sub-

78 4042 161 4112 inunt,
180 4067 230 4103 non
247 4036 503 4121 simplicibus,.'qnae
521 4049 597 4119 paulo
615 4056 675 4104 ante
693 4051 863 4105 enumeravit.

262 4372 286 4417 ’1
