2506 4492
238 894 624 1030 ursspursrro
657 894 943 985 suorum.

88 1083 140 1148 ult
160 1082 373 1150 NOMINIBUS
395 1083 575 1149 GRAECAE
597 1083 768 1153 LINGUAE
788 1085 1094 1154 MONOSYLIABIS.
1145 1158 1150 1167 ,

503 1302 613 1356 CAP.
651 1302 677 1354 1.

51 1405 79 1485 [ιι
113 1418 329 1483 Grammaticos
362 1417 635 1504 monosyllaborum
668 1428 852 1485 scrutatores
885 1431 972 1485 extat
1002 1422 1142 1489 Herodioi

51 1521 220 1606 epigramma
240 1521 341 1585 Anall.
365 1521 401 1584 T.
425 1519 463 1583 ll.
487 1540 516 1603 p.
541 1517 596 1583 65.

98 1615 251 1711 Φεάμετ’,
269 1619 526 1712 Ἀριστάρχειοι,
554 1616 612 1688 ἐπ’
633 1617 732 1710 εάρέσι
751 1624 846 1691 σάτα
865 1623 1043 1713 θαλάσσης

163 1719 308 1792 Ἑλλάδα
314 1774 326 1805 ,
355 1724 416 1811 της
436 1723 566 1812 ξουθῆς
586 1718 765 1812 δειλότεροι
783 1723 944 1812 κεμάδος,

98 1823 396 1915 γωνιοβόμβυκες,
422 1822 700 1915 μονοσύλλαβοι,
723 1825 792 1896 οἷσι
810 1828 943 1916 μέμηλε
1008 1872 1010 1877 .

165 1927 205 1995 τά
228 1929 321 2016 Epir
341 1927 398 1995 ιισά
417 1926 457 1995 τά
480 1928 585 2016 Σφῷτ
605 1929 663 1996 aot
683 1928 721 1997 τά
742 1931 819 1998 Mto
840 1928 901 2019 ἠδὲ
920 1931 960 1999 τά
981 1931 1068 2002 Νίιι.

51 2032 115 2115 puod
136 2053 177 2096 ue
198 2031 244 2095 illi
266 2032 394 2115 quidem,
416 2032 561 2096 adversus
583 2053 657 2117 quos
676 2034 820 2118 seriptum
842 2046 901 2116 ost,
924 2037 1055 2101 facetum
1076 2057 1150 2103 esso¹

51 2134 230 2219 rogaverint.
266 2133 367 2198 Nihilo
389 2135 488 2198 secius
509 2156 571 2198 nou
592 2136 701 2213 solum,
725 2137 775 2220 qui
795 2138 869 2202 istas
892 2160 1014 2204 casuum
1035 2161 1144 2224 prono·

51 2236 193 2302 uiualium
214 2237 342 2313 formas,
369 2236 421 2299 sod
442 2236 536 2300 multo
557 2237 671 2322 magis,
701 2238 751 2322 qui
772 2240 893 2302 uomina
915 2252 946 2305 et
966 2242 1059 2306 verba
1079 2264 1144 2306 mo-

51 2338 194 2423 rosyllaba
214 2338 359 2423 speculati
381 2348 469 2415 sunt,
503 2339 620 2403 laudem
644 2341 828 2424 gratiamque
855 2362 1007 2406 meruere.
1052 2341 1144 2408 Velut

51 2440 178 2527 trypho,
201 2432 235 2503 ut
257 2440 361 2504 Suidas
383 2442 495 2517 refert,
525 2440 684 2528 περὶτῆς
706 2444 743 2507 ἐτ’
763 2434 1037 2529 μοτσσολλάβοις
1058 2437 1145 2511 dvo-

51 2542 153 2633 ὀηἰοις
175 2542 306 2627 scripsit,
329 2541 514 2606 Philoxenus
533 2551 633 2605 autem
651 2541 729 2629 περὶ
747 2538 1020 2631 μονοσολλάβεισ
1038 2542 1140 2610 Sohol.

51 2645 117 2711 deu.
138 2647 187 2713 K.
207 2642 282 2710 290.
306 2645 409 2730 Etym.
427 2643 469 2708 Μ.
492 2665 522 2729 p.
541 2641 619 2720 442,
642 2641 695 2709 39.
720 2654 780 2708 eto.
803 2643 853 2708 vel
875 2646 953 2734 περὶ
971 2647 1146 2733 μονοσιιλ-

51 2743 154 2843 άβιειι
176 2739 339 2835 ῥημάτων
360 2744 462 2812 Schol.
475 2747 553 2812 Veu.
570 2747 614 2814 B.
633 2744 708 2811 269.
734 2746 834 2811 Sohol.
850 2747 989 2815 Ambros.
1006 2748 1049 2824 Ξ.
1066 2747 1142 2816 485.

51 2852 139 2938 dtym.
162 2850 239 2914 Gud.
262 2847 345 2925 415,
369 2847 422 2913 18.
447 2848 551 2912 Orion.
575 2869 605 2932 p.
631 2847 689 2928 59,
713 2848 767 2913 22.
792 2861 851 2914 eto.
876 2872 934 2935 quo
955 2861 1083 2934 utroque
1104 2853 1143 2917 ti·

51 2954 99 3018 ulo
129 2974 223 3016 uuum
254 2952 438 3035 eundemque
468 2950 577 3015 librum
606 2951 758 3036 designari
786 2952 837 3016 vel
866 2951 919 3015 itta
946 2952 1079 3019 ostendit
1106 2954 1144 3019 do

51 3057 131 3122 rerho
153 3053 227 3143 φρῶ
251 3054 402 3118 adnotatio
429 3054 597 3118 idemtidem
617 3053 764 3136 repetita,
796 3052 845 3116 oui
866 3055 953 3118 modo
977 3052 1035 3119 hoo
1055 3056 1143 3121 modo
1168 3124 1170 3128 Α

53 3158 110 3223 llud
133 3179 243 3221 nomeu
268 3156 465 3221 subscribitur
490 3178 522 3221 v.
548 3153 648 3219 Sohol.
671 3153 746 3216 Eur.
771 3151 907 3220 Phoeuu.
930 3154 1006 3224 254.
1038 3158 1141 3246 Etym.

51 3261 78 3323 d.
101 3257 187 3334 691,
209 3257 263 3321 37.
309 3259 352 3346 Et
369 3279 410 3322 ex
432 3258 488 3322 hoo
510 3278 617 3343 opere,
649 3255 724 3339 quod
746 3255 875 3322 fortasse
902 3279 972 3345 pars
998 3259 1056 3326 fuit
1082 3259 1145 3328 τοῦ

51 3360 227 3448 ῥηματικοῦ
245 3362 281 3424 ab
294 3360 395 3446 Etpm.
411 3361 453 3425 Μ.
471 3360 590 3444 saepius
606 3357 763 3433 nominati,
783 3371 882 3423 sumta
896 3362 1049 3440 videntur,
1069 3385 1144 3448 quae

51 3462 232 3529 drammatioi
250 3462 346 3526 nostri
363 3464 399 3527 de
416 3462 472 3527 hoo
491 3482 603 3546 genere
620 3459 832 3525 vocabulorum
848 3462 1039 3528 multifariam
1056 3484 1145 3552 prae·

51 3565 170 3650 ripiunt‚
201 3586 289 3650 saepe
312 3565 409 3628 addito
430 3564 563 3633 auctoris
585 3562 705 3627 nomine
730 3583 761 3627 v.
785 3563 922 3628 Eustath.
947 3587 979 3652 p.
1004 3566 1085 3643 154,
1109 3565 1141 3630 1.

51 3666 137 3732 Sohol.
155 3667 236 3732 Ven.
255 3667 302 3735 A.
326 3664 401 3732 375.
425 3665 496 3730 alibi
517 3665 646 3742 omisso,
669 3675 703 3728 ut
725 3665 760 3728 do
782 3677 895 3750 septem
918 3666 1143 3753 significationi-

51 3789 89 3836 tus
110 3770 197 3836 verbi
220 3776 262 3836 ἔω
286 3770 352 3834 sive
375 3772 417 3835 ἕω
441 3768 541 3833 Sohol.
559 3767 595 3831 ΙΙ.
614 3769 659 3836 Β.
680 3766 755 3831 432.
781 3769 817 3833 de
838 3770 961 3834 totidem
983 3768 1143 3832 verborum

51 3873 88 3940 to
117 3884 149 3938 et
176 3872 223 3961 (toi
248 3873 350 3959 Etym.
373 3871 416 3936 M.
439 3892 469 3960 p.
492 3867 573 3946 461,
597 3868 629 3935 5.
659 3881 691 3935 et
711 3869 793 3951 705,
816 3871 870 3937 29.
900 3871 935 3934 de
958 3868 1145 3952 quadruplici

51 3971 205 4045 dteremia
225 3976 387 4043 verborum
407 3972 474 4058 τά,
494 3969 542 4061 poi
565 3983 597 4038 ot
617 3969 691 4063 τρῶ
713 3995 745 4041 ιι.
771 3965 854 4039 soto.
878 3991 905 4035 s.
928 3968 1014 4052 Not,
1036 3968 1142 4087 Etdm:
