2506 4492
1122 146 1172 193 vu

68 332 166 380 uem.
220 303 316 376 Hiuc
341 300 387 375 ad
417 299 504 374 alias
534 302 834 376 inconvenientiae
865 303 1001 401 species
1032 327 1169 379 causas·

68 500 138 573 que
163 497 377 572 progressus
403 498 493 568 sum,
521 497 609 572 quas
629 471 798 545 'l’echnioi
823 471 1024 545 nominibus
1049 475 1168 571 variis,

69 643 296 740 anadromae,
324 642 562 741 metaplasmi,
597 640 839 717 heteroclisiae
872 652 908 716 et
930 642 1173 744 heterozygiac

70 817 213 914 signare
239 811 367 885 solent.
421 810 481 884 Ad
504 764 569 884 lras
601 822 636 886 et
668 812 798 885 similes
831 812 1084 912 disputationes
1118 813 1171 884 iu·

71 992 213 1082 sperata
237 980 343 1054 nobis
369 979 524 1054 subsidia
548 982 663 1055 attulit
694 1007 860 1081 praesens
885 991 1003 1073 aetas,
1038 1008 1107 1082 qua
1138 991 1174 1055 et

73 1177 284 1253 graecorum
311 1150 639 1249 Grammaticorum,
669 1154 731 1253 qui
756 1151 816 1224 diu
841 1151 1066 1247 oblituerant,
1092 1150 1175 1223 libri

74 1349 96 1395 e
120 1321 278 1396 tenebris
305 1324 395 1396 eruti
425 1332 464 1405 ¹et
487 1324 643 1395 virorum
677 1321 958 1418 doctissimorum
991 1319 1037 1393 ad
1074 1319 1173 1393 colli·

73 1489 211 1592 gcudas
236 1501 271 1561 et
293 1490 506 1564 ordinandas
531 1493 659 1567 veteris
685 1492 888 1592 disciplinae
914 1491 1080 1591 reliquias
1102 1497 1173 1562 stu·

74 1660 134 1731 dia
166 1682 337 1734 conversa
370 1669 471 1755 sunt,
512 1684 664 1758 spesque
695 1687 769 1732 non
802 1661 908 1734 dubia
940 1669 994 1734 est
1029 1661 1122 1731 viam
1154 1682 1176 1726 a

73 1831 119 1902 C.
148 1831 190 1901 F.
220 1828 383 1924 Raulaio,
417 1827 568 1903 Lehrsio
602 1838 637 1902 et
667 1827 862 1902 Ritschelio
893 1829 1014 1899 initam
1031 1828 1077 1937 ¹in
1102 1824 1177 1897 dies

76 1997 308 2073 celebriorem
332 2000 424 2072 fore.
477 1998 604 2097 Neque
635 2009 752 2074 tamen
776 2026 834 2074 res
859 2026 901 2073 eo
927 1998 1112 2098 processit,
1139 2001 1180 2066 ut

76 2167 181 2241 nobis
207 2136 352 2269 gloriari
375 2169 479 2244 liceat
504 2169 601 2270 quod
621 2171 790 2272 Prolytac'
811 2171 945 2266 nostri,
971 2175 1094 2271 τέχνης
1120 2159 1177 2242 ad·

78 2342 219 2443 ρῆσθαι
229 2345 396 2442 τέρματα
420 2340 523 2442 τῆςδε
547 2344 659 2444 σαφῆ,
688 2341 751 2415 sed
777 2340 1017 2414 confitendum
1030 2338 1176 2436 potius,
1216 2313 1217 2316 Ἴ

78 2508 251 2608 quidquid
272 2509 542 2607 profecerimus,
568 2509 733 2605 pusillum
757 2507 870 2578 videri
900 2528 984 2603 prae
1014 2525 1057 2575 eo
1084 2499 1180 2600 quod
1242 2540 1244 2545 v

79 2688 200 2750 restat.
254 2679 301 2749 Ut
325 2703 420 2751 nuuc
445 2676 587 2777 quidem
602 2686 669 2773 est,
696 2702 871 2776 perpauca
893 2686 974 2749 suut
993 2673 1177 2781 uocabula,

80 2871 230 2946 quorum
254 2844 454 2942 declinatio,
482 2849 606 2942 motio,
635 2846 821 2946 appellatio
846 2847 1030 2945 inaperta
1057 2847 1102 2917 sit
1115 2869 1177 2944 po-

82 3017 168 3111 sita,
196 3017 362 3115 pauciora
386 3018 504 3112 etiam,
533 3042 681 3117 quorum
707 3015 917 3116 significatio
938 3014 1080 3108 clareat,
1107 3039 1182 3087 uon

82 3183 177 3256 illam
202 3184 305 3281 dico,
341 3211 431 3285 quae
461 3184 777 3286 aLexicographis
810 3185 973 3281 traditur,
1000 3185 1180 3280 sedeam,

85 3379 171 3452 quae
195 3352 403 3456 plerumque
428 3356 526 3430 nullo
551 3369 610 3429 aut
634 3357 743 3429 latino
768 3365 828 3428 aut
852 3311 1058 3456 germanico
1078 3380 1181 3429 voca·
1211 3452 1215 3457 ¹

84 3521 167 3596 bulo
192 3525 341 3622 exprimi
364 3534 495 3623 potest,
524 3552 612 3625 qaue
638 3551 719 3599 cum
743 3535 901 3626 tompore
921 3537 957 3600 et
977 3526 1058 3601 loco
1071 3533 1182 3599 muta·

85 3701 142 3763 tur
164 3694 287 3768 Protei
315 3695 426 3767 instar
457 3694 515 3768 vel
545 3697 576 3767 si
609 3695 694 3796 quid
725 3698 838 3798 magis
869 3708 924 3772 est
954 3695 1117 3772 versatile
1136 3701 1185 3767 'et

87 3862 287 3937 volaticum.
340 3864 436 3938 Hinc
451 3864 532 3940 illae
552 3865 708 3991 intinitae
729 3869 1028 3967 interpretantium
1050 3860 1184 3937 dissen-

88 4032 217 4130 siones,
245 4061 334 4136 quas
357 4063 567 4140 progressus
591 4039 773 4140 temporis
785 4047 822 4112 et
847 4034 957 4113 studii
974 4038 1054 4110 noa
1071 4034 1190 4109 immi-
