2506 4492
78 160 128 239 ὅθ
270 185 276 236 ι
381 207 383 212 ,
456 163 822 240 utssutt'rastot.

78 343 136 424 κός
156 344 307 410 Plutarch.
330 343 367 407 de
391 341 422 406 S.
445 342 485 406 N.
509 343 548 406 V.
574 366 603 409 c.
621 344 671 408 111.
696 343 771 410 219.
795 343 831 407 Τ.
848 344 891 406 Χ.
914 336 1069 434 Ἀχαΐκός
1090 342 1187 412 Clem.

80 453 190 516 Suom.
215 446 267 509 lV.
292 443 332 521 8,
364 442 438 510 589.
464 445 553 530 (213.
579 446 679 539 Sylb.)
710 448 786 531 quod
809 446 946 510 lllotzius
963 439 1059 549 piacita
1080 449 1186 513 immu-

79 551 173 624 avit,
203 539 350 635 Δωρικός
378 549 465 612 Diod.
489 547 573 611 XlV.
596 547 626 612 7.
656 549 810 632 ipsumque
836 543 1027 625 Ἑλλανίκός
1056 551 1185 615 bominis

79 652 235 718 christiani
264 673 374 717 nomeu
400 651 431 715 iu
453 650 519 713 Arii
539 651 674 734 Epistola
703 653 734 714 in
757 651 900 736 Epiphan.
931 655 999 717 adv.
1029 654 1125 717 Haer.
1148 653 1182 716 L.

77 754 114 820 ll.
137 754 173 818 Τ.
197 754 235 818 ll.
267 754 340 818 731.
369 754 404 817 1).
435 747 616 838 Ῥωμανιίς
637 753 733 818 Prisc.
764 756 858 818 Exco.
888 756 965 819 Hist.
998 779 1027 840 p.
1064 755 1119 820 57.
1149 755 1183 819 Α.

76 858 191 922 Αοοοδ.
217 857 312 921 Bokk.
341 880 371 941 p.
397 854 492 920 1177.
517 867 576 920 eto.
606 857 703 940 Atque
732 858 767 920 de
793 857 847 920 hoo
878 859 958 923 valet
981 855 1184 922 Choerobosci

76 960 230 1031 sementia
251 959 364 1024 Aueod.
390 959 489 1023 Cram.
514 959 552 1022 ll.
576 958 651 1024 201.
684 956 876 1034 Ἑλλανικὸς
898 958 990 1046 nopai
1013 957 1052 1026 νδ
1072 957 1183 1046 Ἑλλη-

75 1059 168 1138 νικός
189 1062 298 1151 τροπῇ
320 1060 381 1128 τοῦ
395 1047 437 1128 α.
486 1061 517 1126 Si
532 1083 605 1126 vero
620 1062 758 1126 Sturzius
774 1074 910 1139 veretur,
935 1085 1098 1127 nonomen
1112 1060 1185 1130 Ἑλ-

76 1160 229 1244 λοίνικος,
251 1165 280 1226 id
303 1175 351 1228 est
372 1164 516 1228 Graeciae
537 1164 653 1240 vietor,
682 1163 805 1227 Graecis
828 1165 1003 1248 religiosum
1024 1166 1125 1229 visum
1147 1165 1185 1230 sit

74 1272 204 1355 malique
235 1266 362 1343 ominis,
391 1267 420 1329 id
449 1267 561 1331 refellit
586 1258 853 1353 Ἑλλανοκράτης
885 1267 1013 1331 Aristot.
1046 1268 1114 1330 Pol.
1145 1267 1182 1331 V.

76 1374 136 1451 12,
168 1370 245 1439 221.
276 1381 306 1433 et
336 1370 505 1454 exemplum
536 1370 674 1446 Pindari,
704 1370 753 1453 qui
777 1371 812 1434 de
834 1371 971 1433 ludorum
1001 1370 1192 1453 publicorum

73 1476 240 1541 victoribus
263 1493 351 1556 saepe
373 1472 429 1536 boo
451 1472 621 1557 praedicat,
651 1464 833 1558 ἐκροίτηοεν
855 1465 1041 1558 Ἑλλήνων,
1072 1475 1187 1562 ἐνίκη-

72 1602 134 1645 οεν
160 1567 330 1660 Ἑλλήνων
361 1569 506 1662 στρατόν
536 1598 567 1638 v.
598 1575 729 1638 boeckh.
754 1575 843 1660 Expl.
876 1577 913 1638 ad
934 1577 1024 1661 Pyth.
1054 1577 1127 1640 ΧΗ.
1151 1578 1183 1642 4.

72 1680 138 1746 Jaru
160 1680 197 1744 ad
218 1678 271 1741 illa
293 1678 401 1753 venio,
427 1700 501 1762 quae
525 1677 637 1741 uomica
659 1679 749 1741 finxit
776 1678 918 1754 lieentia,
953 1695 1186 1765 κομψευριπι-

72 1784 139 1858 κῶς
161 1792 192 1846 et
213 1780 497 1867 πεφιλιππῶσθαι
523 1804 555 1844 v.
581 1780 716 1842 hintorf.
750 1770 786 1842 ad
807 1780 919 1844 Athen.
945 1804 973 1865 p.
999 1782 1073 1846 551.
1100 1783 1136 1846 F.
1167 1805 1185 1848 a

74 1909 132 1971 quo
162 1904 222 1948 nou
251 1883 339 1966 louge
369 1882 510 1945 abhorret
539 1880 695 1944 Liuianum
727 1883 1007 1958 Protesilaodamia,
1040 1885 1068 1949 si
1096 1888 1184 1950 modo

72 1998 156 2053 recte
178 1986 221 2050 ita
245 1983 404 2068 scribitur3
434 1995 465 2046 et
486 1984 523 2047 ad
545 1984 629 2048 fictas
652 2007 669 2048 a
693 1984 901 2050 Grammaticis
926 2009 1093 2074 syncopas,
1125 1985 1184 2055 ἄν·

71 2114 147 2156 τινα
186 2108 250 2173 ροο.
276 2080 431 2152 α’ννίτινα
459 2085 558 2149 Sobol.
597 2087 633 2148 ad
661 2086 696 2149 ll.
728 2088 844 2151 XXIV.
874 2089 949 2154 213.
988 2087 1185 2179 α’ρρηφόρος

72 2214 127 2276 pro
150 2179 383 2278 οἷρῥητοφόρος
404 2210 436 2255 u.
463 2187 656 2273 Aglaopham.
688 2212 718 2273 p.
743 2190 818 2256 872.
843 2184 1060 2279 κελαινεφής,
1107 2198 1182 2279 quod

70 2293 117 2358 illi
130 2315 169 2358 ex
183 2283 424 2378 κελαινονεφής
445 2301 642 2367 contractum,
666 2291 804 2357 fleiskius
818 2296 854 2357 ad
871 2295 976 2359 Coust.
994 2297 1179 2383 Porphyrog.

71 2418 102 2480 p.
125 2393 199 2460 604.
231 2417 249 2459 a
271 2397 362 2459 verbo
384 2393 485 2461 κέλλω
510 2394 703 2477 compositum
726 2407 828 2479 putat,
860 2399 912 2462 sed
935 2399 1118 2482 probabilius
1145 2402 1180 2465 ab

72 2501 207 2565 obsoleto
228 2499 375 2585 adjectivo
398 2497 494 2571 κέλας
516 2497 582 2561 sive
604 2497 714 2572 κέλαις
743 2499 790 2582 (ut
809 2499 946 2585 μέλαις,
978 2492 1111 2588 κοίλαις)
1132 2523 1178 2566 re·

70 2604 202 2687 petitur,
233 2601 330 2665 altera
351 2612 434 2685 parte
457 2601 606 2665 interdum
628 2601 800 2684 quiescente
823 2613 857 2666 ut
877 2601 977 2670 πέδια
998 2602 1177 2689 κελαινεφῆ

71 2703 214 2786 Piud.⁵⁸)
257 2701 361 2784 Neque
384 2712 482 2765 ratum
504 2701 663 2776 babemus,
688 2705 765 2788 quod
788 2704 920 2768 Galenus
941 2705 973 2767 iu
997 2705 1098 2770 Gloss.
1124 2707 1174 2783 ait,

70 2805 166 2878 οἶνος
187 2800 324 2887 αὐτίκης
347 2802 403 2864 dici
426 2823 479 2886 pro
501 2797 708 2889 αὐτοοτίτης.
748 2806 791 2869 De
813 2807 953 2889 Epidauri
975 2809 1107 2891 epitheto
1129 2811 1175 2876 λι-

69 2900 164 2997 μιγριί
186 2907 251 2972 sive
272 2896 436 2990 λιμενηροί
457 2915 578 2969 veteres
597 2906 652 2989 ipsi
674 2907 756 2971 iuter
772 2929 805 2972 se
824 2910 1005 2976 dissentiunt
1026 2936 1059 2978 v.
1081 2914 1173 3005 Poppo

71 3015 107 3078 ad
128 3011 221 3076 Thue.
246 3009 280 3072 P.
305 3005 329 3071 l.
354 3007 422 3071 Vol.
447 3005 486 3071 11.
509 3005 584 3072 204.
609 3028 665 3072 οοο
687 3008 783 3074 facilis
805 3011 871 3075 veri
894 3002 1037 3097 cognitio.

154 3113 280 3177 Restant
310 3110 431 3174 uomina
461 3109 635 3175 dieataleota
662 3110 694 3173 iu
718 3097 791 3185 ιῖο
827 3096 903 3188 ’ῖς
948 3115 1106 3203 Nymphae
1128 3119 1171 3182 cj.

70 3215 244 3282 thaerouiae
276 3214 321 3276 bis
350 3233 368 3276 a
395 3211 572 3292 Plutarcho,
612 3234 668 3276 neo
698 3124 943 3307 uuqumtibi,
983 3222 1173 3285 nominantur

72 3313 310 3405 Σφραγίτιδες,
338 3336 392 3400 pro
421 3337 478 3399 quo
502 3316 606 3380 Corais
629 3317 665 3380 ad
686 3317 820 3381 Aristius
835 3339 862 3381 e.
886 3319 942 3382 Xl.
990 3323 1173 3412 Σφραγιδί-

69 3417 158 3492 aedae
186 3417 359 3494 substituit,
397 3419 472 3504 quia¹
495 3419 656 3482 Pausanias
684 3431 830 3484 memorat
860 3432 978 3487 autrum
1009 3426 1172 3514 Νυμφῶν

69 3518 334 3612 Κιθαιρωνίδων
356 3519 566 3610 Σφραγίδιον
593 3517 868 3606 ὀνομαζόμενον,
898 3527 950 3589 sed
973 3548 991 3590 a
1012 3529 1171 3594 substauti-

69 3624 118 3690 vis
139 3608 280 3690 ἱοῙδ-ιον
302 3625 482 3688 exeuntibus
506 3644 626 3701 vercor,
650 3635 685 3689 ut
705 3626 884 3711 adjectivum
907 3627 1077 3713 hujusmodi
1107 3654 1169 3717 pro

139 3777 184 3844 58)
202 3777 245 3829 Sic
261 3777 404 3848 Hesychius
420 3774 585 3846 Κελαινοφῆο
601 3777 777 3848 παραγώγως.
797 3781 933 3848 Sophocleo
946 3786 1025 3836 verbo
1042 3782 1113 3844 δπδι
1124 3781 1171 3858 ἆρ-

68 3857 177 3934 γινεφῆι
194 3865 333 3928 significari
350 3864 610 3917 videtur.1aeculeuti
629 3866 765 3932 quiddam,
793 3868 859 3931 quod
872 3868 1043 3936 Hippocratioi
1060 3869 1172 3940 δμίγλαο

69 3949 154 4001 dicere
172 3951 271 4014 solent,
295 3951 382 4002 Latini
400 3951 551 4001 nubeculas.
586 3949 678 4003 Graeci
702 3947 820 4017 ἰοδνεφὲς
837 3953 905 4020 εἶρος
924 3957 1030 4020 dieunt,
1054 3959 1141 4011 Latini
1157 3973 1170 4008 a

69 4036 199 4088 contrario
223 4036 321 4090 uellera
337 4054 384 4107 pru
407 4038 503 4099 κνοω,
530 4044 556 4089 at
571 4039 659 4106 Jtooaa
675 4035 770 4105 (flocci)
794 4038 936 4093 sodimeuta
960 4044 1015 4095 vini
1033 4045 1168 4113 appellant.
