<?xml version="1.0" encoding="UTF-8"?>
<!DOCTYPE html PUBLIC "-//W3C//DTD XHTML 1.0 Transitional//EN"
    "http://www.w3.org/TR/xhtml1/DTD/xhtml1-transitional.dtd">
<html xmlns="http://www.w3.org/1999/xhtml" xml:lang="en" lang="en">
 <head>
  <title>
</title>
<meta http-equiv="Content-Type" content="text/html;charset=utf-8" />
  <meta name='ocr-system' content='tesseract 3.04.00' />
  <meta name='ocr-capabilities' content='ocr_page ocr_carea ocr_par ocr_line ocrx_word'/>
</head>
<body>
  <div class='ocr_page' id='page_1' title='image "./paralipomenagra00lobegoog_0218.png"; bbox 0 0 2506 4492; ppageno 0'>
   <div class='ocr_carea' id='block_1_1' title="bbox 260 182 1172 291">
    <p class='ocr_par' dir='ltr' id='par_1_1' title="bbox 260 182 1172 291">
     <span class='ocr_line' id='line_1_1' title="bbox 260 182 1172 291; baseline 0.011 -33"><span class='ocrx_word' id='word_1_1' title='bbox 260 183 318 258; x_wconf 86' lang='lat' dir='ltr'><strong>nn</strong></span> <span class='ocrx_word' id='word_1_2' title='bbox 348 182 511 291; x_wconf 79' lang='lat' dir='ltr'><strong>bourn.</strong></span> <span class='ocrx_word' id='word_1_3' title='bbox 540 182 712 261; x_wconf 79' lang='lat' dir='ltr'><strong>hortos</strong></span> <span class='ocrx_word' id='word_1_4' title='bbox 745 187 781 260; x_wconf 82' lang='lat' dir='ltr'><strong>e.</strong></span> <span class='ocrx_word' id='word_1_5' title='bbox 804 185 870 261; x_wconf 75' lang='grc' dir='ltr'><strong>ιιι.</strong></span> <span class='ocrx_word' id='word_1_6' title='bbox 901 189 977 282; x_wconf 72' lang='lat' dir='ltr'><strong>§.c</strong></span> <span class='ocrx_word' id='word_1_7' title='bbox 1107 190 1172 268; x_wconf 75' lang='lat' dir='ltr'><strong>tm</strong></span> 
     </span>
    </p>
   </div>
   <div class='ocr_carea' id='block_1_2' title="bbox 56 366 1180 3233">
    <p class='ocr_par' dir='ltr' id='par_1_2' title="bbox 56 366 1180 3233">
     <span class='ocr_line' id='line_1_2' title="bbox 56 366 1172 468; baseline 0.005 -28"><span class='ocrx_word' id='word_1_8' title='bbox 56 371 289 441; x_wconf 79' lang='lat' dir='ltr'><strong>memorabilior</strong></span> <span class='ocrx_word' id='word_1_9' title='bbox 306 371 427 437; x_wconf 84' lang='lat' dir='ltr'><strong>Pindari</strong></span> <span class='ocrx_word' id='word_1_10' title='bbox 449 370 571 438; x_wconf 86' lang='lat' dir='ltr'><strong>licentia</strong></span> <span class='ocrx_word' id='word_1_11' title='bbox 591 368 732 438; x_wconf 87' lang='lat' dir='ltr'><strong>Liberum</strong></span> <span class='ocrx_word' id='word_1_12' title='bbox 755 384 871 462; x_wconf 79' lang='lat' dir='ltr'><strong>petrem</strong></span> <span class='ocrx_word' id='word_1_13' title='bbox 893 366 1097 468; x_wconf 72' lang='grc' dir='ltr'><em>διθύραμβοι</em></span> <span class='ocrx_word' id='word_1_14' title='bbox 1117 390 1172 446; x_wconf 79' lang='lat' dir='ltr'><strong>vo·</strong></span> 
     </span>
     <span class='ocr_line' id='line_1_3' title="bbox 60 469 1173 565; baseline 0.006 -22"><span class='ocrx_word' id='word_1_15' title='bbox 60 469 302 560; x_wconf 68' lang='lat' dir='ltr'><strong>cantisiFragm.</strong></span> <span class='ocrx_word' id='word_1_16' title='bbox 326 497 356 560; x_wconf 88' lang='lat' dir='ltr'><strong>p.</strong></span> <span class='ocrx_word' id='word_1_17' title='bbox 382 474 456 540; x_wconf 92' lang='grc'><strong>585.</strong></span> <span class='ocrx_word' id='word_1_18' title='bbox 481 476 619 540; x_wconf 88' lang='lat' dir='ltr'><strong>nimirum</strong></span> <span class='ocrx_word' id='word_1_19' title='bbox 642 476 678 539; x_wconf 89' lang='lat' dir='ltr'><strong>ad</strong></span> <span class='ocrx_word' id='word_1_20' title='bbox 702 479 927 562; x_wconf 75' lang='lat' dir='ltr'><strong>exprimendum</strong></span> <span class='ocrx_word' id='word_1_21' title='bbox 951 490 1073 565; x_wconf 88' lang='lat' dir='ltr'><strong>etymon</strong></span> <span class='ocrx_word' id='word_1_22' title='bbox 1088 475 1173 550; x_wconf 70' lang='lat' dir='ltr'><strong>tutet</strong></span> 
     </span>
     <span class='ocr_line' id='line_1_4' title="bbox 59 567 1170 669; baseline 0.007 -29"><span class='ocrx_word' id='word_1_23' title='bbox 59 577 201 669; x_wconf 72' lang='grc' dir='ltr'><strong>ῥάμμα.</strong></span> <span class='ocrx_word' id='word_1_24' title='bbox 244 579 284 641; x_wconf 85' lang='lat' dir='ltr'><strong>Et</strong></span> <span class='ocrx_word' id='word_1_25' title='bbox 312 579 345 641; x_wconf 92' lang='lat' dir='ltr'><strong>in</strong></span> <span class='ocrx_word' id='word_1_26' title='bbox 367 579 555 654; x_wconf 88' lang='lat' dir='ltr'><strong>uuiversum,</strong></span> <span class='ocrx_word' id='word_1_27' title='bbox 579 579 606 642; x_wconf 87' lang='lat' dir='ltr'><strong>si</strong></span> <span class='ocrx_word' id='word_1_28' title='bbox 630 580 781 664; x_wconf 92' lang='lat' dir='ltr'><strong>proprium</strong></span> <span class='ocrx_word' id='word_1_29' title='bbox 800 567 870 655; x_wconf 79' lang='grc' dir='ltr'><strong>Ἇΐς</strong></span> <span class='ocrx_word' id='word_1_30' title='bbox 891 583 1170 665; x_wconf 78' lang='lat' dir='ltr'><strong>praetermittimus,</strong></span> 
     </span>
     <span class='ocr_line' id='line_1_5' title="bbox 59 680 1172 771; baseline 0.003 -23"><span class='ocrx_word' id='word_1_31' title='bbox 59 683 178 748; x_wconf 92' lang='lat' dir='ltr'><strong>nullum</strong></span> <span class='ocrx_word' id='word_1_32' title='bbox 208 680 360 765; x_wconf 90' lang='lat' dir='ltr'><strong>reperitur</strong></span> <span class='ocrx_word' id='word_1_33' title='bbox 395 680 483 764; x_wconf 88' lang='lat' dir='ltr'><strong>hujus</strong></span> <span class='ocrx_word' id='word_1_34' title='bbox 516 681 723 746; x_wconf 80' lang='lat' dir='ltr'><strong>declinationis</strong></span> <span class='ocrx_word' id='word_1_35' title='bbox 754 685 944 768; x_wconf 79' lang='lat' dir='ltr'><strong>exemplum,</strong></span> <span class='ocrx_word' id='word_1_36' title='bbox 980 688 1064 771; x_wconf 90' lang='lat' dir='ltr'><strong>cujus</strong></span> <span class='ocrx_word' id='word_1_37' title='bbox 1093 687 1172 751; x_wconf 91' lang='lat' dir='ltr'><strong>ratio</strong></span> 
     </span>
     <span class='ocr_line' id='line_1_6' title="bbox 57 779 1174 874; baseline 0.004 -24"><span class='ocrx_word' id='word_1_38' title='bbox 57 783 223 873; x_wconf 91' lang='lat' dir='ltr'><strong>probabilis</strong></span> <span class='ocrx_word' id='word_1_39' title='bbox 245 783 329 846; x_wconf 85' lang='lat' dir='ltr'><strong>reddi</strong></span> <span class='ocrx_word' id='word_1_40' title='bbox 352 798 412 845; x_wconf 90' lang='lat' dir='ltr'><strong>non</strong></span> <span class='ocrx_word' id='word_1_41' title='bbox 435 783 541 866; x_wconf 87' lang='lat' dir='ltr'><strong>possit.</strong></span> <span class='ocrx_word' id='word_1_42' title='bbox 585 783 662 846; x_wconf 88' lang='lat' dir='ltr'><strong>Nam</strong></span> <span class='ocrx_word' id='word_1_43' title='bbox 691 796 723 848; x_wconf 93' lang='lat' dir='ltr'><strong>et</strong></span> <span class='ocrx_word' id='word_1_44' title='bbox 742 779 1008 873; x_wconf 66' lang='grc' dir='ltr'><strong><em>ἀνδραπόδεσσι,</em></strong></span> <span class='ocrx_word' id='word_1_45' title='bbox 1036 806 1090 872; x_wconf 89' lang='lat' dir='ltr'><strong>pro</strong></span> <span class='ocrx_word' id='word_1_46' title='bbox 1114 811 1174 874; x_wconf 83' lang='lat' dir='ltr'><strong>quo</strong></span> 
     </span>
     <span class='ocr_line' id='line_1_7' title="bbox 57 874 1173 975; baseline 0.004 -23"><span class='ocrx_word' id='word_1_47' title='bbox 57 885 253 952; x_wconf 86' lang='lat' dir='ltr'><strong>Aristarchus</strong></span> <span class='ocrx_word' id='word_1_48' title='bbox 274 885 418 949; x_wconf 86' lang='lat' dir='ltr'><strong>usitatum</strong></span> <span class='ocrx_word' id='word_1_49' title='bbox 439 874 666 972; x_wconf 66' lang='grc' dir='ltr'><strong>ἀνδραπόδοις</strong></span> <span class='ocrx_word' id='word_1_50' title='bbox 689 887 858 969; x_wconf 86' lang='lat' dir='ltr'><strong>(Demosth.</strong></span> <span class='ocrx_word' id='word_1_51' title='bbox 884 913 913 975; x_wconf 89' lang='lat' dir='ltr'><strong>p.</strong></span> <span class='ocrx_word' id='word_1_52' title='bbox 929 888 1005 967; x_wconf 87' lang='grc'><strong>616,</strong></span> <span class='ocrx_word' id='word_1_53' title='bbox 1026 889 1078 970; x_wconf 90' lang='grc'><strong>11.</strong></span> <span class='ocrx_word' id='word_1_54' title='bbox 1092 892 1173 956; x_wconf 75' lang='lat' dir='ltr'><strong>Jam-</strong></span> 
     </span>
     <span class='ocr_line' id='line_1_8' title="bbox 57 978 1173 1076; baseline -0.004 -22"><span class='ocrx_word' id='word_1_55' title='bbox 57 978 151 1055; x_wconf 92' lang='lat' dir='ltr'><strong>blich.</strong></span> <span class='ocrx_word' id='word_1_56' title='bbox 177 987 278 1052; x_wconf 86' lang='lat' dir='ltr'><strong>Protr.</strong></span> <span class='ocrx_word' id='word_1_57' title='bbox 309 1010 338 1072; x_wconf 91' lang='lat' dir='ltr'><strong>p.</strong></span> <span class='ocrx_word' id='word_1_58' title='bbox 363 980 439 1054; x_wconf 72' lang='lat'><strong>220.</strong></span> <span class='ocrx_word' id='word_1_59' title='bbox 473 987 563 1072; x_wconf 87' lang='lat' dir='ltr'><strong>Corp.</strong></span> <span class='ocrx_word' id='word_1_60' title='bbox 589 989 726 1074; x_wconf 88' lang='lat' dir='ltr'><strong>lnscript.</strong></span> <span class='ocrx_word' id='word_1_61' title='bbox 750 991 884 1055; x_wconf 90' lang='lat' dir='ltr'><strong>Addend.</strong></span> <span class='ocrx_word' id='word_1_62' title='bbox 909 1014 939 1076; x_wconf 88' lang='lat' dir='ltr'><strong>p.</strong></span> <span class='ocrx_word' id='word_1_63' title='bbox 965 986 1032 1076; x_wconf 81' lang='lat' dir='ltr'><strong>(ll.)</strong></span> <span class='ocrx_word' id='word_1_64' title='bbox 1062 995 1173 1062; x_wconf 62' lang='grc' dir='ltr'><strong>πολυ.</strong></span> 
     </span>
     <span class='ocr_line' id='line_1_9' title="bbox 57 1083 1174 1180; baseline 0 -19"><span class='ocrx_word' id='word_1_65' title='bbox 57 1090 236 1180; x_wconf 81' lang='grc' dir='ltr'><strong>δέαδρεσσι</strong></span> <span class='ocrx_word' id='word_1_66' title='bbox 265 1091 339 1155; x_wconf 91' lang='lat' dir='ltr'><strong>Eur.</strong></span> <span class='ocrx_word' id='word_1_67' title='bbox 365 1091 472 1154; x_wconf 81' lang='lat' dir='ltr'><strong>Bacch.</strong></span> <span class='ocrx_word' id='word_1_68' title='bbox 499 1083 572 1156; x_wconf 81' lang='grc'><strong>552.</strong></span> <span class='ocrx_word' id='word_1_69' title='bbox 607 1104 729 1177; x_wconf 84' lang='lat' dir='ltr'><strong>apparet</strong></span> <span class='ocrx_word' id='word_1_70' title='bbox 750 1093 863 1156; x_wconf 89' lang='lat' dir='ltr'><strong>directa</strong></span> <span class='ocrx_word' id='word_1_71' title='bbox 886 1107 953 1158; x_wconf 86' lang='lat' dir='ltr'><strong>esse</strong></span> <span class='ocrx_word' id='word_1_72' title='bbox 975 1095 1011 1158; x_wconf 91' lang='lat' dir='ltr'><strong>ad</strong></span> <span class='ocrx_word' id='word_1_73' title='bbox 1033 1097 1174 1162; x_wconf 67' lang='lat' dir='ltr'><strong>similitu⁴</strong></span> 
     </span>
     <span class='ocr_line' id='line_1_10' title="bbox 58 1186 1174 1282; baseline 0.004 -23"><span class='ocrx_word' id='word_1_74' title='bbox 58 1194 161 1259; x_wconf 90' lang='lat' dir='ltr'><strong>dinem</strong></span> <span class='ocrx_word' id='word_1_75' title='bbox 183 1192 373 1278; x_wconf 89' lang='lat' dir='ltr'><strong>simplicium,</strong></span> <span class='ocrx_word' id='word_1_76' title='bbox 396 1203 427 1257; x_wconf 92' lang='lat' dir='ltr'><strong>ct</strong></span> <span class='ocrx_word' id='word_1_77' title='bbox 447 1191 683 1280; x_wconf 78' lang='grc' dir='ltr'><strong><em>ααργσαὲρατα</em></strong></span> <span class='ocrx_word' id='word_1_78' title='bbox 705 1216 766 1258; x_wconf 95' lang='lat' dir='ltr'><strong>non</strong></span> <span class='ocrx_word' id='word_1_79' title='bbox 788 1206 902 1259; x_wconf 91' lang='lat' dir='ltr'><strong>temere</strong></span> <span class='ocrx_word' id='word_1_80' title='bbox 925 1198 1110 1282; x_wconf 85' lang='lat' dir='ltr'><strong>surrepsisse</strong></span> <span class='ocrx_word' id='word_1_81' title='bbox 1127 1186 1174 1264; x_wconf 55' lang='lat' dir='ltr'><strong>via</strong></span> 
     </span>
     <span class='ocr_line' id='line_1_11' title="bbox 60 1288 1174 1384; baseline 0.003 -22"><span class='ocrx_word' id='word_1_82' title='bbox 60 1297 152 1362; x_wconf 87' lang='lat' dir='ltr'><strong>detur</strong></span> <span class='ocrx_word' id='word_1_83' title='bbox 172 1297 225 1360; x_wconf 88' lang='lat' dir='ltr'><strong>sed</strong></span> <span class='ocrx_word' id='word_1_84' title='bbox 247 1297 317 1380; x_wconf 86' lang='lat' dir='ltr'><strong>quia</strong></span> <span class='ocrx_word' id='word_1_85' title='bbox 336 1288 508 1359; x_wconf 62' lang='lat' dir='ltr'><strong>t‘crminatio</strong></span> <span class='ocrx_word' id='word_1_86' title='bbox 530 1296 707 1360; x_wconf 89' lang='lat' dir='ltr'><strong>nominativi</strong></span> <span class='ocrx_word' id='word_1_87' title='bbox 729 1297 829 1384; x_wconf 75' lang='grc' dir='ltr'><strong><em>αὲρας</em></strong></span> <span class='ocrx_word' id='word_1_88' title='bbox 850 1300 1010 1364; x_wconf 89' lang='lat' dir='ltr'><strong>memoriae</strong></span> <span class='ocrx_word' id='word_1_89' title='bbox 1033 1301 1174 1365; x_wconf 65' lang='lat' dir='ltr'><strong>inhaerea</strong></span> 
     </span>
     <span class='ocr_line' id='line_1_12' title="bbox 58 1394 1175 1483; baseline 0.002 -18"><span class='ocrx_word' id='word_1_90' title='bbox 58 1402 124 1478; x_wconf 90' lang='lat' dir='ltr'><strong>bat,</strong></span> <span class='ocrx_word' id='word_1_91' title='bbox 147 1421 166 1463; x_wconf 86' lang='lat' dir='ltr'><strong>a</strong></span> <span class='ocrx_word' id='word_1_92' title='bbox 188 1394 246 1482; x_wconf 76' lang='lat' dir='ltr'><strong>ipuo</strong></span> <span class='ocrx_word' id='word_1_93' title='bbox 269 1399 296 1462; x_wconf 94' lang='lat' dir='ltr'><strong>si</strong></span> <span class='ocrx_word' id='word_1_94' title='bbox 317 1399 496 1483; x_wconf 86' lang='lat' dir='ltr'><strong>adjectivum</strong></span> <span class='ocrx_word' id='word_1_95' title='bbox 517 1411 758 1483; x_wconf 88' lang='lat' dir='ltr'><strong>componeretur,</strong></span> <span class='ocrx_word' id='word_1_96' title='bbox 781 1401 811 1463; x_wconf 92' lang='lat' dir='ltr'><strong>id</strong></span> <span class='ocrx_word' id='word_1_97' title='bbox 833 1422 894 1465; x_wconf 93' lang='lat' dir='ltr'><strong>non</strong></span> <span class='ocrx_word' id='word_1_98' title='bbox 919 1401 1009 1465; x_wconf 91' lang='lat' dir='ltr'><strong>aliter</strong></span> <span class='ocrx_word' id='word_1_99' title='bbox 1029 1398 1175 1467; x_wconf 88' lang='lat' dir='ltr'><strong>declinari</strong></span> 
     </span>
     <span class='ocr_line' id='line_1_13' title="bbox 58 1493 1175 1591; baseline 0.004 -24"><span class='ocrx_word' id='word_1_100' title='bbox 58 1514 165 1591; x_wconf 88' lang='lat' dir='ltr'><strong>posset</strong></span> <span class='ocrx_word' id='word_1_101' title='bbox 188 1522 272 1586; x_wconf 90' lang='lat' dir='ltr'><strong>quam</strong></span> <span class='ocrx_word' id='word_1_102' title='bbox 296 1493 427 1586; x_wconf 78' lang='grc' dir='ltr'><strong>εὔαρας.</strong></span> <span class='ocrx_word' id='word_1_103' title='bbox 470 1499 647 1584; x_wconf 87' lang='lat' dir='ltr'><strong>Apollonius</strong></span> <span class='ocrx_word' id='word_1_104' title='bbox 669 1502 706 1565; x_wconf 93' lang='lat' dir='ltr'><strong>de</strong></span> <span class='ocrx_word' id='word_1_105' title='bbox 727 1499 805 1566; x_wconf 83' lang='lat' dir='ltr'><strong>Adv.</strong></span> <span class='ocrx_word' id='word_1_106' title='bbox 819 1525 848 1587; x_wconf 93' lang='lat' dir='ltr'><strong>p.</strong></span> <span class='ocrx_word' id='word_1_107' title='bbox 861 1496 934 1570; x_wconf 84' lang='grc'><strong>596.</strong></span> <span class='ocrx_word' id='word_1_108' title='bbox 956 1501 1014 1570; x_wconf 74' lang='grc' dir='ltr'><strong>καὶ</strong></span> <span class='ocrx_word' id='word_1_109' title='bbox 1030 1502 1084 1570; x_wconf 78' lang='grc' dir='ltr'><strong>ἐπ’</strong></span> <span class='ocrx_word' id='word_1_110' title='bbox 1099 1499 1175 1572; x_wconf 58' lang='grc' dir='ltr'><strong>ὀνο*</strong></span> 
     </span>
     <span class='ocr_line' id='line_1_14' title="bbox 59 1589 1176 1694; baseline 0.001 -21"><span class='ocrx_word' id='word_1_111' title='bbox 59 1597 185 1694; x_wconf 81' lang='grc' dir='ltr'><strong><em>μα’τωα</em></strong></span> <span class='ocrx_word' id='word_1_112' title='bbox 195 1589 439 1690; x_wconf 72' lang='grc' dir='ltr'><strong><em>μεταπλασμσὶ</em></strong></span> <span class='ocrx_word' id='word_1_113' title='bbox 457 1600 614 1689; x_wconf 77' lang='grc' dir='ltr'><strong><em>γίνονται</em></strong></span> <span class='ocrx_word' id='word_1_114' title='bbox 627 1597 786 1691; x_wconf 73' lang='grc' dir='ltr'><strong><em>καθάπερ</em></strong></span> <span class='ocrx_word' id='word_1_115' title='bbox 807 1604 845 1670; x_wconf 89' lang='grc' dir='ltr'>τὸ</span> <span class='ocrx_word' id='word_1_116' title='bbox 865 1603 1114 1692; x_wconf 76' lang='grc' dir='ltr'><strong><em>ἐρυσάρματες,</em></strong></span> <span class='ocrx_word' id='word_1_117' title='bbox 1135 1599 1176 1675; x_wconf 80' lang='lat' dir='ltr'><strong>ud</strong></span> 
     </span>
     <span class='ocr_line' id='line_1_15' title="bbox 59 1699 1175 1802; baseline 0.002 -26"><span class='ocrx_word' id='word_1_118' title='bbox 59 1710 153 1788; x_wconf 83' lang='grc' dir='ltr'><strong><em>λῖτα,</em></strong></span> <span class='ocrx_word' id='word_1_119' title='bbox 167 1703 205 1773; x_wconf 79' lang='grc' dir='ltr'><strong>τό</strong></span> <span class='ocrx_word' id='word_1_120' title='bbox 218 1703 312 1792; x_wconf 78' lang='grc' dir='ltr'><strong><em>παραὶ</em></strong></span> <span class='ocrx_word' id='word_1_121' title='bbox 323 1707 466 1792; x_wconf 83' lang='grc' dir='ltr'><em>Σαπφοῖ</em></span> <span class='ocrx_word' id='word_1_122' title='bbox 479 1699 606 1791; x_wconf 46' lang='grc' dir='ltr'><strong><em>αὐαῑθ),</em></strong></span> <span class='ocrx_word' id='word_1_123' title='bbox 629 1701 668 1771; x_wconf 80' lang='grc' dir='ltr'><strong>τό</strong></span> <span class='ocrx_word' id='word_1_124' title='bbox 682 1707 917 1796; x_wconf 79' lang='grc' dir='ltr'><strong><em>παργοκέρατα</em></strong></span> <span class='ocrx_word' id='word_1_125' title='bbox 933 1707 1027 1796; x_wconf 81' lang='grc' dir='ltr'><strong><em>παραὶ</em></strong></span> <span class='ocrx_word' id='word_1_126' title='bbox 1036 1712 1175 1802; x_wconf 77' lang='grc' dir='ltr'><strong><em>Βακχυ-</em></strong></span> 
     </span>
     <span class='ocr_line' id='line_1_16' title="bbox 60 1805 1177 1902; baseline -0.001 -23"><span class='ocrx_word' id='word_1_127' title='bbox 60 1810 159 1902; x_wconf 77' lang='grc' dir='ltr'><em>λίδῃ,</em></span> <span class='ocrx_word' id='word_1_128' title='bbox 188 1810 265 1894; x_wconf 90' lang='lat' dir='ltr'><strong>quod</strong></span> <span class='ocrx_word' id='word_1_129' title='bbox 297 1809 334 1871; x_wconf 91' lang='lat' dir='ltr'><strong>ad</strong></span> <span class='ocrx_word' id='word_1_130' title='bbox 363 1808 477 1894; x_wconf 82' lang='lat' dir='ltr'><strong>Phryn.</strong></span> <span class='ocrx_word' id='word_1_131' title='bbox 510 1831 539 1893; x_wconf 91' lang='lat' dir='ltr'><strong>p.</strong></span> <span class='ocrx_word' id='word_1_132' title='bbox 564 1805 639 1872; x_wconf 88' lang='grc'><strong>658.</strong></span> <span class='ocrx_word' id='word_1_133' title='bbox 673 1809 824 1892; x_wconf 90' lang='lat' dir='ltr'><strong>composui</strong></span> <span class='ocrx_word' id='word_1_134' title='bbox 861 1832 926 1873; x_wconf 92' lang='lat' dir='ltr'><strong>cum</strong></span> <span class='ocrx_word' id='word_1_135' title='bbox 955 1810 1177 1896; x_wconf 68' lang='lat' dir='ltr'><strong>Aristophaneo</strong></span> 
     </span>
     <span class='ocr_line' id='line_1_17' title="bbox 61 1904 1177 1999; baseline -0.001 -16"><span class='ocrx_word' id='word_1_136' title='bbox 61 1911 253 1999; x_wconf 67' lang='lat' dir='ltr'><strong>dependendae</strong></span> <span class='ocrx_word' id='word_1_137' title='bbox 268 1911 398 1996; x_wconf 75' lang='grc' dir='ltr'><strong><em>πέτραν</em></strong></span> <span class='ocrx_word' id='word_1_138' title='bbox 411 1911 508 1976; x_wconf 88' lang='lat' dir='ltr'><strong>Nubb.</strong></span> <span class='ocrx_word' id='word_1_139' title='bbox 530 1905 605 1976; x_wconf 82' lang='lat'><strong>597.</strong></span> <span class='ocrx_word' id='word_1_140' title='bbox 630 1909 679 1974; x_wconf 91' lang='lat' dir='ltr'><strong>ubi</strong></span> <span class='ocrx_word' id='word_1_141' title='bbox 703 1904 1066 1999; x_wconf 72' lang='grc' dir='ltr'><strong>8σ101.·μεταπλασμσ’ς</strong></span> <span class='ocrx_word' id='word_1_142' title='bbox 1084 1918 1177 1982; x_wconf 74' lang='lat' dir='ltr'><strong>tecm</strong></span> 
     </span>
     <span class='ocr_line' id='line_1_18' title="bbox 63 1999 1177 2102; baseline -0.003 -17"><span class='ocrx_word' id='word_1_143' title='bbox 63 2016 144 2086; x_wconf 77' lang='grc' dir='ltr'><strong><em>σῖατὶ</em></strong></span> <span class='ocrx_word' id='word_1_144' title='bbox 167 2017 229 2082; x_wconf 74' lang='grc' dir='ltr'><strong>τοῦ</strong></span> <span class='ocrx_word' id='word_1_145' title='bbox 252 2011 474 2102; x_wconf 55' lang='lat' dir='ltr'><strong>debacchabor.</strong></span> <span class='ocrx_word' id='word_1_146' title='bbox 524 2015 600 2079; x_wconf 90' lang='lat' dir='ltr'><strong>Huic</strong></span> <span class='ocrx_word' id='word_1_147' title='bbox 629 2012 757 2078; x_wconf 86' lang='lat' dir='ltr'><strong>similem</strong></span> <span class='ocrx_word' id='word_1_148' title='bbox 789 2014 1004 2079; x_wconf 87' lang='lat' dir='ltr'><strong>nominativum</strong></span> <span class='ocrx_word' id='word_1_149' title='bbox 1032 1999 1177 2102; x_wconf 77' lang='lat' dir='ltr'><strong>pluralem</strong></span> 
     </span>
     <span class='ocr_line' id='line_1_19' title="bbox 63 2113 1177 2210; baseline 0.004 -25"><span class='ocrx_word' id='word_1_150' title='bbox 63 2120 169 2185; x_wconf 89' lang='lat' dir='ltr'><strong>nescio</strong></span> <span class='ocrx_word' id='word_1_151' title='bbox 198 2120 278 2182; x_wconf 92' lang='lat' dir='ltr'><strong>unde</strong></span> <span class='ocrx_word' id='word_1_152' title='bbox 311 2117 399 2187; x_wconf 83' lang='lat' dir='ltr'><strong>affert</strong></span> <span class='ocrx_word' id='word_1_153' title='bbox 426 2119 596 2204; x_wconf 86' lang='lat' dir='ltr'><strong>Hesychius</strong></span> <span class='ocrx_word' id='word_1_154' title='bbox 624 2113 875 2203; x_wconf 79' lang='grc' dir='ltr'><strong><em>Λεακσαέρατες</em></strong></span> <span class='ocrx_word' id='word_1_155' title='bbox 905 2117 971 2203; x_wconf 88' lang='lat' dir='ltr'><strong>(vel</strong></span> <span class='ocrx_word' id='word_1_156' title='bbox 994 2117 1177 2210; x_wconf 82' lang='grc' dir='ltr'><strong><em>λεααόαρα-</em></strong></span> 
     </span>
     <span class='ocr_line' id='line_1_20' title="bbox 62 2210 1178 2308; baseline -0.001 -18"><span class='ocrx_word' id='word_1_157' title='bbox 62 2225 133 2304; x_wconf 77' lang='grc' dir='ltr'><strong>τες)</strong></span> <span class='ocrx_word' id='word_1_158' title='bbox 151 2210 205 2288; x_wconf 79' lang='grc' dir='ltr'><strong>δια</strong></span> <span class='ocrx_word' id='word_1_159' title='bbox 220 2219 257 2286; x_wconf 85' lang='grc' dir='ltr'><strong>τὸ</strong></span> <span class='ocrx_word' id='word_1_160' title='bbox 271 2217 351 2294; x_wconf 66' lang='lat' dir='ltr'><strong>code</strong></span> <span class='ocrx_word' id='word_1_161' title='bbox 369 2226 405 2287; x_wconf 76' lang='grc' dir='ltr'><strong>ἔα</strong></span> <span class='ocrx_word' id='word_1_162' title='bbox 420 2216 558 2308; x_wconf 72' lang='grc' dir='ltr'><strong><em>Εὐβοία</em></strong></span> <span class='ocrx_word' id='word_1_163' title='bbox 575 2221 661 2307; x_wconf 76' lang='grc' dir='ltr'><strong>βοῦς</strong></span> <span class='ocrx_word' id='word_1_164' title='bbox 676 2216 815 2293; x_wconf 73' lang='grc' dir='ltr'><strong><em>λευκούς</em></strong></span> <span class='ocrx_word' id='word_1_165' title='bbox 829 2215 929 2288; x_wconf 75' lang='grc' dir='ltr'><strong><em>εἶναι.</em></strong></span> <span class='ocrx_word' id='word_1_166' title='bbox 957 2221 1080 2300; x_wconf 89' lang='lat' dir='ltr'><strong>Dativo,</strong></span> <span class='ocrx_word' id='word_1_167' title='bbox 1100 2225 1178 2308; x_wconf 90' lang='lat' dir='ltr'><strong>quod</strong></span> 
     </span>
     <span class='ocr_line' id='line_1_21' title="bbox 62 2316 1177 2412; baseline 0.002 -22"><span class='ocrx_word' id='word_1_168' title='bbox 62 2324 244 2399; x_wconf 92' lang='lat' dir='ltr'><strong>mirabilius,</strong></span> <span class='ocrx_word' id='word_1_169' title='bbox 267 2345 341 2387; x_wconf 91' lang='lat' dir='ltr'><strong>usus</strong></span> <span class='ocrx_word' id='word_1_170' title='bbox 363 2335 410 2388; x_wconf 87' lang='lat' dir='ltr'><strong>est</strong></span> <span class='ocrx_word' id='word_1_171' title='bbox 431 2322 554 2387; x_wconf 90' lang='lat' dir='ltr'><strong>Photius</strong></span> <span class='ocrx_word' id='word_1_172' title='bbox 576 2316 771 2408; x_wconf 76' lang='grc' dir='ltr'><strong><em>Ὀξαττρώρῳ</em></strong></span> <span class='ocrx_word' id='word_1_173' title='bbox 790 2317 916 2411; x_wconf 76' lang='grc' dir='ltr'><strong><em>ταύρῳ,</em></strong></span> <span class='ocrx_word' id='word_1_174' title='bbox 929 2324 975 2411; x_wconf 80' lang='grc' dir='ltr'><strong>τῷ</strong></span> <span class='ocrx_word' id='word_1_175' title='bbox 994 2320 1177 2412; x_wconf 76' lang='grc' dir='ltr'><strong><em>σ’ξααὲρατι.</em></strong></span> 
     </span>
     <span class='ocr_line' id='line_1_22' title="bbox 62 2424 1177 2511; baseline -0.002 -18"><span class='ocrx_word' id='word_1_176' title='bbox 62 2428 145 2493; x_wconf 82' lang='lat' dir='ltr'><strong>llaec</strong></span> <span class='ocrx_word' id='word_1_177' title='bbox 168 2426 195 2490; x_wconf 89' lang='lat' dir='ltr'><strong>si</strong></span> <span class='ocrx_word' id='word_1_178' title='bbox 225 2427 290 2510; x_wconf 89' lang='lat' dir='ltr'><strong>quis</strong></span> <span class='ocrx_word' id='word_1_179' title='bbox 313 2427 489 2511; x_wconf 85' lang='lat' dir='ltr'><strong>metaplasta</strong></span> <span class='ocrx_word' id='word_1_180' title='bbox 518 2446 691 2510; x_wconf 83' lang='lat' dir='ltr'><strong>nuncupare</strong></span> <span class='ocrx_word' id='word_1_181' title='bbox 714 2424 863 2500; x_wconf 92' lang='lat' dir='ltr'><strong>obstinet,</strong></span> <span class='ocrx_word' id='word_1_182' title='bbox 896 2446 956 2487; x_wconf 93' lang='lat' dir='ltr'><strong>non</strong></span> <span class='ocrx_word' id='word_1_183' title='bbox 979 2426 1177 2507; x_wconf 83' lang='lat' dir='ltr'><strong>intercedam,</strong></span> 
     </span>
     <span class='ocr_line' id='line_1_23' title="bbox 62 2514 1176 2613; baseline -0.002 -18"><span class='ocrx_word' id='word_1_184' title='bbox 62 2531 151 2595; x_wconf 93' lang='lat' dir='ltr'><strong>modo</strong></span> <span class='ocrx_word' id='word_1_185' title='bbox 174 2540 353 2613; x_wconf 90' lang='lat' dir='ltr'><strong>separentur</strong></span> <span class='ocrx_word' id='word_1_186' title='bbox 374 2551 392 2592; x_wconf 89' lang='lat' dir='ltr'><strong>a</strong></span> <span class='ocrx_word' id='word_1_187' title='bbox 415 2529 606 2593; x_wconf 88' lang='lat' dir='ltr'><strong>dissimilibus</strong></span> <span class='ocrx_word' id='word_1_188' title='bbox 622 2514 881 2612; x_wconf 82' lang='grc' dir='ltr'><strong>σῖαδραπὸδεσσι,</strong></span> <span class='ocrx_word' id='word_1_189' title='bbox 901 2520 1176 2613; x_wconf 69' lang='grc' dir='ltr'><strong>πολυδίαδρεσσι.</strong></span> 
     </span>
     <span class='ocr_line' id='line_1_24' title="bbox 61 2626 1177 2718; baseline -0.003 -19"><span class='ocrx_word' id='word_1_190' title='bbox 61 2633 139 2699; x_wconf 84' lang='lat' dir='ltr'><strong>Nam</strong></span> <span class='ocrx_word' id='word_1_191' title='bbox 163 2629 201 2698; x_wconf 86' lang='grc' dir='ltr'><strong>τδ</strong></span> <span class='ocrx_word' id='word_1_192' title='bbox 217 2626 430 2718; x_wconf 79' lang='grc' dir='ltr'><strong><em>σῖαδραπσαα,</em></strong></span> <span class='ocrx_word' id='word_1_193' title='bbox 452 2626 490 2696; x_wconf 81' lang='grc' dir='ltr'><strong>τὸ</strong></span> <span class='ocrx_word' id='word_1_194' title='bbox 504 2628 728 2717; x_wconf 76' lang='grc' dir='ltr'><strong>αολαδεαδρές</strong></span> <span class='ocrx_word' id='word_1_195' title='bbox 743 2629 899 2714; x_wconf 79' lang='lat' dir='ltr'><strong>analogiae</strong></span> <span class='ocrx_word' id='word_1_196' title='bbox 921 2650 984 2692; x_wconf 94' lang='lat' dir='ltr'><strong>non</strong></span> <span class='ocrx_word' id='word_1_197' title='bbox 995 2637 1177 2716; x_wconf 86' lang='lat' dir='ltr'><strong>repugnant,</strong></span> 
     </span>
     <span class='ocr_line' id='line_1_25' title="bbox 61 2730 1180 2822; baseline -0.002 -21"><span class='ocrx_word' id='word_1_198' title='bbox 61 2736 117 2801; x_wconf 89' lang='lat' dir='ltr'><strong>sed</strong></span> <span class='ocrx_word' id='word_1_199' title='bbox 137 2730 302 2822; x_wconf 74' lang='grc' dir='ltr'><strong><em>αψίαερας</em></strong></span> <span class='ocrx_word' id='word_1_200' title='bbox 324 2735 374 2799; x_wconf 89' lang='lat' dir='ltr'><strong>vel</strong></span> <span class='ocrx_word' id='word_1_201' title='bbox 402 2734 552 2810; x_wconf 84' lang='lat' dir='ltr'><strong>maxime3</strong></span> <span class='ocrx_word' id='word_1_202' title='bbox 587 2754 679 2818; x_wconf 82' lang='lat' dir='ltr'><strong>quare</strong></span> <span class='ocrx_word' id='word_1_203' title='bbox 711 2732 946 2816; x_wconf 91' lang='lat' dir='ltr'><strong>componendum</strong></span> <span class='ocrx_word' id='word_1_204' title='bbox 977 2754 1044 2797; x_wconf 90' lang='lat' dir='ltr'><strong>oum</strong></span> <span class='ocrx_word' id='word_1_205' title='bbox 1066 2732 1180 2819; x_wconf 91' lang='lat' dir='ltr'><strong>simpli·</strong></span> 
     </span>
     <span class='ocr_line' id='line_1_26' title="bbox 63 2835 1179 2922; baseline -0.002 -20"><span class='ocrx_word' id='word_1_206' title='bbox 63 2839 168 2914; x_wconf 91' lang='lat' dir='ltr'><strong>cibus,</strong></span> <span class='ocrx_word' id='word_1_207' title='bbox 192 2859 267 2922; x_wconf 89' lang='lat' dir='ltr'><strong>quae</strong></span> <span class='ocrx_word' id='word_1_208' title='bbox 301 2840 328 2922; x_wconf 61' lang='grc' dir='ltr'><strong>ἓ.</strong></span> <span class='ocrx_word' id='word_1_209' title='bbox 354 2837 386 2901; x_wconf 85' lang='grc'><strong>3.</strong></span> <span class='ocrx_word' id='word_1_210' title='bbox 419 2836 628 2912; x_wconf 85' lang='lat' dir='ltr'><strong>exhibuimus,</strong></span> <span class='ocrx_word' id='word_1_211' title='bbox 651 2857 776 2920; x_wconf 89' lang='lat' dir='ltr'><strong>quorum</strong></span> <span class='ocrx_word' id='word_1_212' title='bbox 798 2835 911 2920; x_wconf 87' lang='lat' dir='ltr'><strong>primus</strong></span> <span class='ocrx_word' id='word_1_213' title='bbox 934 2858 1021 2900; x_wconf 91' lang='lat' dir='ltr'><strong>casus</strong></span> <span class='ocrx_word' id='word_1_214' title='bbox 1045 2859 1105 2900; x_wconf 89' lang='lat' dir='ltr'><strong>non</strong></span> <span class='ocrx_word' id='word_1_215' title='bbox 1128 2859 1179 2901; x_wconf 91' lang='lat' dir='ltr'><strong>so·</strong></span> 
     </span>
     <span class='ocr_line' id='line_1_27' title="bbox 62 2924 1179 3025; baseline -0.002 -21"><span class='ocrx_word' id='word_1_216' title='bbox 62 2940 126 3005; x_wconf 94' lang='lat' dir='ltr'><strong>lum</strong></span> <span class='ocrx_word' id='word_1_217' title='bbox 150 2940 313 3005; x_wconf 88' lang='lat' dir='ltr'><strong>inusitatus</strong></span> <span class='ocrx_word' id='word_1_218' title='bbox 336 2941 389 3004; x_wconf 90' lang='lat' dir='ltr'><strong>sed</strong></span> <span class='ocrx_word' id='word_1_219' title='bbox 416 2940 504 3025; x_wconf 91' lang='lat' dir='ltr'><strong>plane</strong></span> <span class='ocrx_word' id='word_1_220' title='bbox 525 2941 644 3024; x_wconf 89' lang='lat' dir='ltr'><strong>penitus</strong></span> <span class='ocrx_word' id='word_1_221' title='bbox 676 2924 824 3025; x_wconf 68' lang='grc' dir='ltr'><strong><em>δρῥητσς</em></strong></span> <span class='ocrx_word' id='word_1_222' title='bbox 847 2949 913 3014; x_wconf 91' lang='lat' dir='ltr'><strong>est,</strong></span> <span class='ocrx_word' id='word_1_223' title='bbox 945 2936 1055 3020; x_wconf 91' lang='lat' dir='ltr'><strong>obliqui</strong></span> <span class='ocrx_word' id='word_1_224' title='bbox 1077 2949 1179 3002; x_wconf 88' lang='lat' dir='ltr'><strong>autem</strong></span> 
     </span>
     <span class='ocr_line' id='line_1_28' title="bbox 62 3038 1179 3128; baseline -0.002 -20"><span class='ocrx_word' id='word_1_225' title='bbox 62 3064 153 3108; x_wconf 86' lang='lat' dir='ltr'><strong>casus</strong></span> <span class='ocrx_word' id='word_1_226' title='bbox 174 3044 413 3128; x_wconf 90' lang='lat' dir='ltr'><strong>reprehensione</strong></span> <span class='ocrx_word' id='word_1_227' title='bbox 436 3052 551 3106; x_wconf 89' lang='lat' dir='ltr'><strong>carent.</strong></span> <span class='ocrx_word' id='word_1_228' title='bbox 598 3043 637 3105; x_wconf 87' lang='lat' dir='ltr'><strong>Et</strong></span> <span class='ocrx_word' id='word_1_229' title='bbox 664 3042 700 3105; x_wconf 93' lang='lat' dir='ltr'><strong>ob</strong></span> <span class='ocrx_word' id='word_1_230' title='bbox 723 3040 779 3105; x_wconf 89' lang='lat' dir='ltr'><strong>hoc</strong></span> <span class='ocrx_word' id='word_1_231' title='bbox 804 3040 900 3125; x_wconf 92' lang='lat' dir='ltr'><strong>ipsum</strong></span> <span class='ocrx_word' id='word_1_232' title='bbox 924 3038 1013 3102; x_wconf 90' lang='lat' dir='ltr'><strong>malui</strong></span> <span class='ocrx_word' id='word_1_233' title='bbox 1037 3039 1179 3124; x_wconf 86' lang='lat' dir='ltr'><strong>acephala</strong></span> 
     </span>
     <span class='ocr_line' id='line_1_29' title="bbox 62 3139 1179 3233; baseline 0.003 -25"><span class='ocrx_word' id='word_1_234' title='bbox 62 3145 190 3222; x_wconf 87' lang='lat' dir='ltr'><strong>vocare,</strong></span> <span class='ocrx_word' id='word_1_235' title='bbox 213 3156 247 3233; x_wconf 91' lang='lat' dir='ltr'><strong>ut</strong></span> <span class='ocrx_word' id='word_1_236' title='bbox 268 3158 300 3211; x_wconf 89' lang='lat' dir='ltr'><strong>et</strong></span> <span class='ocrx_word' id='word_1_237' title='bbox 321 3140 564 3232; x_wconf 74' lang='grc' dir='ltr'><strong><em>ἐρυσάρματες,</em></strong></span> <span class='ocrx_word' id='word_1_238' title='bbox 589 3145 665 3230; x_wconf 90' lang='lat' dir='ltr'><strong>quod</strong></span> <span class='ocrx_word' id='word_1_239' title='bbox 687 3144 788 3230; x_wconf 86' lang='lat' dir='ltr'><strong>Etym.</strong></span> <span class='ocrx_word' id='word_1_240' title='bbox 812 3142 854 3206; x_wconf 91' lang='lat' dir='ltr'><strong>M.</strong></span> <span class='ocrx_word' id='word_1_241' title='bbox 870 3140 943 3221; x_wconf 82' lang='lat'><strong>105,</strong></span> <span class='ocrx_word' id='word_1_242' title='bbox 968 3139 1022 3205; x_wconf 91' lang='grc'><strong>48.</strong></span> <span class='ocrx_word' id='word_1_243' title='bbox 1048 3141 1179 3230; x_wconf 70' lang='grc' dir='ltr'><strong><em>ρκ’ἕρα-</em></strong></span> 
     </span>
    </p>
   </div>
   <div class='ocr_carea' id='block_1_3' title="bbox 63 3239 1181 3436">
    <p class='ocr_par' dir='ltr' id='par_1_3' title="bbox 63 3239 1181 3436">
     <span class='ocr_line' id='line_1_30' title="bbox 63 3239 1181 3338; baseline -0.002 -24"><span class='ocrx_word' id='word_1_244' title='bbox 63 3239 238 3338; x_wconf 81' lang='grc' dir='ltr'><strong><em>σσῖρματοι</em></strong></span> <span class='ocrx_word' id='word_1_245' title='bbox 260 3249 503 3333; x_wconf 84' lang='lat' dir='ltr'><strong>transfiguratum</strong></span> <span class='ocrx_word' id='word_1_246' title='bbox 527 3248 608 3313; x_wconf 90' lang='lat' dir='ltr'><strong>dicit.</strong></span> <span class='ocrx_word' id='word_1_247' title='bbox 655 3247 773 3310; x_wconf 86' lang='lat' dir='ltr'><strong>Etenim</strong></span> <span class='ocrx_word' id='word_1_248' title='bbox 786 3245 947 3309; x_wconf 87' lang='lat' dir='ltr'><strong>barbarum</strong></span> <span class='ocrx_word' id='word_1_249' title='bbox 966 3255 1025 3322; x_wconf 89' lang='lat' dir='ltr'><strong>est,</strong></span> <span class='ocrx_word' id='word_1_250' title='bbox 1050 3246 1127 3331; x_wconf 90' lang='lat' dir='ltr'><strong>quod</strong></span> <span class='ocrx_word' id='word_1_251' title='bbox 1147 3248 1181 3312; x_wconf 86' lang='lat' dir='ltr'><strong>in</strong></span> 
     </span>
     <span class='ocr_line' id='line_1_31' title="bbox 64 3344 1179 3436; baseline -0.003 -21"><span class='ocrx_word' id='word_1_252' title='bbox 64 3351 146 3415; x_wconf 77' lang='lat' dir='ltr'><strong>Lex.</strong></span> <span class='ocrx_word' id='word_1_253' title='bbox 178 3349 326 3436; x_wconf 83' lang='lat' dir='ltr'><strong>Apostolii</strong></span> <span class='ocrx_word' id='word_1_254' title='bbox 356 3373 404 3436; x_wconf 90' lang='lat' dir='ltr'><strong>ap.</strong></span> <span class='ocrx_word' id='word_1_255' title='bbox 434 3350 603 3415; x_wconf 83' lang='lat' dir='ltr'><strong>Albertium</strong></span> <span class='ocrx_word' id='word_1_256' title='bbox 633 3351 669 3413; x_wconf 89' lang='lat' dir='ltr'><strong>ad</strong></span> <span class='ocrx_word' id='word_1_257' title='bbox 698 3349 770 3412; x_wconf 92' lang='lat' dir='ltr'><strong>Hes.</strong></span> <span class='ocrx_word' id='word_1_258' title='bbox 794 3348 830 3410; x_wconf 90' lang='grc' dir='ltr'><strong>Τ.</strong></span> <span class='ocrx_word' id='word_1_259' title='bbox 856 3344 1179 3427; x_wconf 65' lang='lat' dir='ltr'><strong>limitaneum,</strong></span> 
     </span>
    </p>
   </div>
   <div class='ocr_carea' id='block_1_4' title="bbox 1108 3454 1117 3475">
    <p class='ocr_par' dir='ltr' id='par_1_4' title="bbox 1108 3454 1117 3475">
     <span class='ocr_line' id='line_1_32' title="bbox 1108 3454 1117 3475; baseline 0 0"><span class='ocrx_word' id='word_1_260' title='bbox 1108 3454 1117 3475; x_wconf 65' lang='grc' dir='ltr'><strong><em>θ</em></strong></span> 
     </span>
    </p>
   </div>
   <div class='ocr_carea' id='block_1_5' title="bbox 65 3444 1226 3848">
    <p class='ocr_par' dir='ltr' id='par_1_5' title="bbox 65 3444 1226 3848">
     <span class='ocr_line' id='line_1_33' title="bbox 65 3444 1181 3543; baseline -0.003 -23"><span class='ocrx_word' id='word_1_261' title='bbox 65 3445 263 3541; x_wconf 76' lang='grc' dir='ltr'><strong><em>ἐρασσέρμας</em></strong></span> <span class='ocrx_word' id='word_1_262' title='bbox 276 3453 418 3530; x_wconf 72' lang='lat' dir='ltr'><strong>cerodae,</strong></span> <span class='ocrx_word' id='word_1_263' title='bbox 442 3475 495 3537; x_wconf 92' lang='lat' dir='ltr'><strong>pro</strong></span> <span class='ocrx_word' id='word_1_264' title='bbox 511 3473 569 3536; x_wconf 76' lang='lat' dir='ltr'><strong>quo</strong></span> <span class='ocrx_word' id='word_1_265' title='bbox 583 3444 819 3540; x_wconf 71' lang='grc' dir='ltr'><strong><em>ἐρυσάρματας</em></strong></span> <span class='ocrx_word' id='word_1_266' title='bbox 832 3451 890 3513; x_wconf 91' lang='lat' dir='ltr'><strong>dici</strong></span> <span class='ocrx_word' id='word_1_267' title='bbox 906 3452 1035 3535; x_wconf 89' lang='lat' dir='ltr'><strong>oportet,</strong></span> <span class='ocrx_word' id='word_1_268' title='bbox 1051 3464 1086 3516; x_wconf 94' lang='lat' dir='ltr'><strong>ut</strong></span> <span class='ocrx_word' id='word_1_269' title='bbox 1101 3478 1181 3543; x_wconf 76' lang='lat' dir='ltr'><strong>pepo-</strong></span> 
     </span>
     <span class='ocr_line' id='line_1_34' title="bbox 67 3540 1226 3644; baseline -0.006 -21"><span class='ocrx_word' id='word_1_270' title='bbox 67 3548 263 3644; x_wconf 78' lang='grc' dir='ltr'><strong><em>φαῖρματσς,</em></strong></span> <span class='ocrx_word' id='word_1_271' title='bbox 288 3549 497 3642; x_wconf 75' lang='grc' dir='ltr'><strong><em>εὐσώματσς,</em></strong></span> <span class='ocrx_word' id='word_1_272' title='bbox 522 3553 704 3642; x_wconf 74' lang='grc' dir='ltr'><strong><em>διαὲρατσς,</em></strong></span> <span class='ocrx_word' id='word_1_273' title='bbox 727 3546 924 3643; x_wconf 73' lang='grc' dir='ltr'><strong><em>βραχαατσς</em></strong></span> <span class='ocrx_word' id='word_1_274' title='bbox 946 3567 1006 3619; x_wconf 89' lang='lat' dir='ltr'><strong>etc.</strong></span> <span class='ocrx_word' id='word_1_275' title='bbox 1030 3554 1082 3618; x_wconf 91' lang='lat' dir='ltr'><strong>sed</strong></span> <span class='ocrx_word' id='word_1_276' title='bbox 1105 3554 1179 3617; x_wconf 93' lang='lat' dir='ltr'><strong>obli·</strong></span> <span class='ocrx_word' id='word_1_277' title='bbox 1220 3540 1226 3573; x_wconf 80' lang='grc'><strong>’</strong></span> 
     </span>
     <span class='ocr_line' id='line_1_35' title="bbox 67 3656 1180 3745; baseline -0.005 -21"><span class='ocrx_word' id='word_1_278' title='bbox 67 3661 134 3745; x_wconf 76' lang='lat' dir='ltr'><strong>quis</strong></span> <span class='ocrx_word' id='word_1_279' title='bbox 158 3661 196 3722; x_wconf 92' lang='lat' dir='ltr'><strong>ad</strong></span> <span class='ocrx_word' id='word_1_280' title='bbox 220 3660 364 3744; x_wconf 91' lang='lat' dir='ltr'><strong>simplicis</strong></span> <span class='ocrx_word' id='word_1_281' title='bbox 387 3657 610 3722; x_wconf 90' lang='lat' dir='ltr'><strong>similitudinem</strong></span> <span class='ocrx_word' id='word_1_282' title='bbox 632 3657 727 3722; x_wconf 90' lang='lat' dir='ltr'><strong>relabi</strong></span> <span class='ocrx_word' id='word_1_283' title='bbox 741 3656 931 3743; x_wconf 91' lang='lat' dir='ltr'><strong>permissum.</strong></span> <span class='ocrx_word' id='word_1_284' title='bbox 963 3657 1062 3736; x_wconf 48' lang='lat' dir='ltr'><strong>*Quae</strong></span> <span class='ocrx_word' id='word_1_285' title='bbox 1080 3667 1180 3719; x_wconf 88' lang='lat' dir='ltr'><strong>autem</strong></span> 
     </span>
     <span class='ocr_line' id='line_1_36' title="bbox 68 3756 1182 3848; baseline -0.005 -22"><span class='ocrx_word' id='word_1_286' title='bbox 68 3762 145 3826; x_wconf 91' lang='lat' dir='ltr'><strong>nulli</strong></span> <span class='ocrx_word' id='word_1_287' title='bbox 171 3759 277 3826; x_wconf 89' lang='lat' dir='ltr'><strong>horum</strong></span> <span class='ocrx_word' id='word_1_288' title='bbox 299 3780 446 3848; x_wconf 83' lang='lat' dir='ltr'><strong>generum</strong></span> <span class='ocrx_word' id='word_1_289' title='bbox 468 3759 575 3844; x_wconf 84' lang='lat' dir='ltr'><strong>subjici</strong></span> <span class='ocrx_word' id='word_1_290' title='bbox 597 3771 742 3844; x_wconf 91' lang='lat' dir='ltr'><strong>possunt,</strong></span> <span class='ocrx_word' id='word_1_291' title='bbox 768 3780 803 3822; x_wconf 88' lang='lat' dir='ltr'><strong>ea</strong></span> <span class='ocrx_word' id='word_1_292' title='bbox 824 3770 876 3823; x_wconf 89' lang='lat' dir='ltr'><strong>aut</strong></span> <span class='ocrx_word' id='word_1_293' title='bbox 897 3759 1029 3823; x_wconf 89' lang='lat' dir='ltr'><strong>aeolicae</strong></span> <span class='ocrx_word' id='word_1_294' title='bbox 1051 3756 1182 3821; x_wconf 90' lang='lat' dir='ltr'><strong>declina·</strong></span> 
     </span>
    </p>
   </div>
   <div class='ocr_carea' id='block_1_6' title="bbox 69 3986 1181 4228">
    <p class='ocr_par' dir='ltr' id='par_1_6' title="bbox 69 3986 1181 4228">
     <span class='ocr_line' id='line_1_37' title="bbox 139 3986 1181 4064; baseline -0.006 -15"><span class='ocrx_word' id='word_1_295' title='bbox 139 3996 186 4064; x_wconf 73' lang='lat'><strong>28)</strong></span> <span class='ocrx_word' id='word_1_296' title='bbox 204 3995 308 4062; x_wconf 79' lang='lat' dir='ltr'><strong>Fragm.</strong></span> <span class='ocrx_word' id='word_1_297' title='bbox 329 3993 420 4051; x_wconf 85' lang='lat' dir='ltr'>CXIV.</span> <span class='ocrx_word' id='word_1_298' title='bbox 441 3996 485 4048; x_wconf 91' lang='lat' dir='ltr'><strong>ubi</strong></span> <span class='ocrx_word' id='word_1_299' title='bbox 497 3991 597 4047; x_wconf 88' lang='lat' dir='ltr'><strong>Nouius</strong></span> <span class='ocrx_word' id='word_1_300' title='bbox 615 3993 691 4046; x_wconf 80' lang='lat' dir='ltr'><strong>allent</strong></span> <span class='ocrx_word' id='word_1_301' title='bbox 705 3995 795 4064; x_wconf 81' lang='lat' dir='ltr'><strong>lltym.</strong></span> <span class='ocrx_word' id='word_1_302' title='bbox 810 3988 861 4062; x_wconf 77' lang='grc' dir='ltr'><strong>τήν</strong></span> <span class='ocrx_word' id='word_1_303' title='bbox 877 3989 917 4064; x_wconf 80' lang='grc' dir='ltr'><em>ἤῶ</em></span> <span class='ocrx_word' id='word_1_304' title='bbox 933 3990 963 4047; x_wconf 77' lang='grc' dir='ltr'><strong>οἱ</strong></span> <span class='ocrx_word' id='word_1_305' title='bbox 976 3986 1085 4048; x_wconf 73' lang='grc' dir='ltr'><strong>Αἰολεῖς</strong></span> <span class='ocrx_word' id='word_1_306' title='bbox 1102 3986 1181 4047; x_wconf 71' lang='grc' dir='ltr'><strong><em>αὕαν.</em></strong></span> 
     </span>
     <span class='ocr_line' id='line_1_38' title="bbox 69 4077 968 4228; baseline -0.003 -94"><span class='ocrx_word' id='word_1_307' title='bbox 69 4082 242 4136; x_wconf 73' lang='lat' dir='ltr'><strong>scribendum</strong></span> <span class='ocrx_word' id='word_1_308' title='bbox 259 4084 365 4136; x_wconf 82' lang='lat' dir='ltr'><strong>videtur</strong></span> <span class='ocrx_word' id='word_1_309' title='bbox 382 4077 480 4152; x_wconf 75' lang='grc' dir='ltr'><strong><em>αὕόαα,</em></strong></span> <span class='ocrx_word' id='word_1_310' title='bbox 500 4097 640 4135; x_wconf 82' lang='lat' dir='ltr'><strong>auroram.</strong></span> <span class='ocrx_word' id='word_1_311' title='bbox 901 4159 968 4228; x_wconf 72' lang='lat'><strong>12*</strong></span> 
     </span>
    </p>
   </div>
   <div class='ocr_carea' id='block_1_7' title="bbox 0 0 1271 4492">
    <p class='ocr_par' dir='ltr' id='par_1_7' title="bbox 0 0 1271 4492">
     <span class='ocr_line' id='line_1_39' title="bbox 0 0 1271 4492; baseline 0 0"><span class='ocrx_word' id='word_1_312' title='bbox 0 0 1271 4492; x_wconf 95' lang='lat' dir='ltr'><strong> </strong></span> 
     </span>
    </p>
   </div>
  </div>
 </body>
</html>
