2506 4492
14 106 58 237 ss..
277 156 336 223 on
364 152 530 223 ιιοιιιι.
559 152 732 226 nonos.
764 153 801 220 c.
825 154 864 222 ιι.
894 157 923 243 o.
946 155 980 222 s.
1103 158 1173 227 us

57 350 134 405 runt
160 337 199 403 ab
228 335 284 401 bac
311 337 378 402 labe
406 335 620 425 integerrimos
648 358 680 401 v.
703 333 821 401 Jacobs.
844 335 882 402 nd
903 335 1022 402 Aeliam.
1045 358 1075 424 p.
1092 337 1169 406 222.

58 442 233 507 Dobraeus.
246 440 283 503 ad
313 439 392 505 Plut.
416 436 481 507 481·
516 439 632 504 Deinde
660 459 749 522 qnnm
779 441 917 525 exempla
937 441 1172 509 masculinorum

55 555 92 609 'et
116 554 293 609 neutrorum
316 543 459 608 indicium
480 544 662 628 praebeant,
686 527 721 609 ἶ
744 541 817 607 illud
845 543 940 628 magis
967 543 1172 631 epbeloystnm

59 667 148 731 quam
170 667 213 709 ex
235 646 427 710 heteroclisia
449 658 577 711 tractum
600 664 680 721 esse,
703 664 755 707 res
864 666 975 709 oversa
996 647 1055 710 erit
1071 659 1173 712 utrum

58 750 100 825 ii,
129 749 183 832 qni
213 747 355 816 diuidua
383 747 592 833 protulerunt,
621 747 732 813 oeteris
762 655 879 832 qddsse
905 747 1022 811 casibus
1051 751 1088 813 ad
1116 751 1173 816 boo

59 851 232 936 exemplum
258 855 305 915 usi
327 851 408 931 sint,
445 852 522 937 quod
549 872 589 916 ne
619 850 730 934 liquido
757 849 912 934 dijudicari
933 851 1046 934 possit,
1074 855 1186 920 obstat‘

60 955 270 1039 exemplorum
298 956 432 1039 paucitas
462 964 494 1017 et
515 953 681 1017 scribarum
710 952 742 1015 in
764 951 886 1038 syllabis
908 952 1045 1018 linalibns
1068 957 1174 1021 crebra

41 1056 227 1122 'vacillatio
272 1057 319 1123 lle
340 1068 443 1120 cetero
468 1056 533 1120 lieri
555 1066 666 1140 potest,
689 1064 724 1118 nt
737 1055 916 1131 obscuratis,
940 1058 1017 1139 quod
1033 1059 1174 1144 frequen·

60 1169 110 1222 ter
130 1159 252 1234 accidit,
276 1160 309 1222 in
330 1159 450 1244 vulgari
472 1158 600 1223 dialecto
622 1178 745 1221 casuum
767 1157 999 1236 discriminibus,
1022 1181 1102 1229 unns
1123 1183 1173 1226 ce·

60 1262 137 1326 teris
165 1262 301 1325 crebrior
325 1272 357 1325 et
376 1262 547 1337 sonantior,
579 1260 629 1345 qui
650 1272 699 1324 est
720 1271 845 1343 quartus
868 1281 967 1339 casus,
996 1262 1173 1331 nominativi
1233 1296 1240 1315 ι

60 1365 162 1429 locum
184 1365 348 1450 occuparit.
394 1362 426 1427 ld
448 1373 531 1428 certe
548 1364 741 1449 comprobare
756 1362 876 1427 videtur
892 1364 1000 1448 ingens
1015 1366 1173 1455 multitudo

60 1468 277 1535 vocabulorum
299 1486 491 1530 romanorum
513 1487 532 1530 a
554 1465 678 1529 Graecis
700 1476 902 1551 acceptorum,
932 1488 1056 1550 quorum
1079 1468 1174 1553 prima

61 1570 173 1654 positio
202 1591 327 1655 graecam
349 1580 473 1652 quartae
496 1569 632 1632 omnibus
654 1566 752 1631 literis
769 1567 927 1633 usuvenit.
972 1569 1084 1633 Horum
1106 1564 1189 1655 pars

10 1678 12 1685 '
60 1673 114 1735 tim
131 1693 150 1735 a
166 1672 241 1736 viris
255 1673 350 1736 doctis
367 1671 457 1735 allata
473 1681 556 1746 sunt,
581 1691 655 1753 quos
669 1666 872 1733 Schneiderns
890 1671 1024 1735 nominat
1037 1671 1171 1737 Gramm.

61 1775 97 1838 T.
119 1773 158 1838 ll.
186 1773 217 1850 1,
240 1774 316 1841 272.
340 1774 400 1838 alia
421 1772 584 1836 Salmasius
606 1772 643 1835 ad
664 1769 738 1835 Pall.
762 1792 794 1855 p.
815 1769 892 1836 449.
915 1772 1081 1837 Bocbartus
1102 1774 1173 1839 llic·

59 1898 129 1942 roz.
150 1876 184 1940 P.
202 1875 240 1939 ll.
256 1877 293 1940 L.
310 1876 362 1940 Vl.
378 1873 413 1939 ii.
430 1873 505 1941 828.
531 1873 670 1938 Valesius
692 1875 729 1937 ad
740 1871 890 1949 Ammian.
907 1874 1050 1938 XXVlll.
1070 1873 1102 1953 l,
1117 1875 1171 1940 37.

14 1992 17 1997 ’
61 1976 255 2051 Burmannus
276 1980 314 2042 ad
327 1978 419 2042 Antb.
433 1978 471 2042 L.
485 1977 537 2043 111.
562 1977 618 2062 Ep.
636 1973 767 2077 2le.
793 1976 832 2041 1).
850 1976 884 2043 in
898 1977 1026 2042 Observ.
1043 1978 1171 2044 Amstel.

62 2083 133 2146 Vol.
157 2081 196 2145 ll.
220 2079 275 2146 90.
307 2079 550 2145 Hemsterbnsius
579 2081 616 2143 ad
645 2076 770 2143 Lucian.
794 2079 988 2171 Dial3Mort.
1011 2079 1114 2146 XXV.
1140 2080 1171 2146 1.

61 2186 98 2248 T.
114 2184 153 2248 11.
178 2182 253 2250 527.
278 2194 512 2267 congregarunt,
536 2204 591 2247 nos
613 2193 713 2246 autern
733 2191 765 2247 et
783 2180 901 2267 plenius
919 2184 1125 2250 exhibebimus
1143 2195 1174 2250 et

59 2287 160 2372 magis
183 2308 224 2351 ex
245 2286 361 2350 ordine.
407 2283 488 2368 Ergo
512 2305 531 2347 a
552 2283 767 2369 monosyllabis
789 2285 821 2348 in
846 2286 1008 2370 simplicem
1034 2288 1174 2353 exeunti-

61 2391 119 2454 bus
142 2389 373 2475 proficisountur
394 2388 459 2463 ιἰιιι,
482 2404 560 2449 oenc
575 2397 606 2450 et
620 2386 712 2450 tuedo
734 2408 787 2471 pro
813 2385 867 2454 toa
888 2399 921 2451 et
939 2387 1025 2474 cipido
1039 2391 1105 2454 sive
1122 2411 1174 2474 po·

61 2493 124 2557 tius
141 2491 246 2575 *uiuido
268 2490 330 2554 iota
350 2489 500 2572 adscripto
522 2500 556 2552 ut
577 2487 726 2560 i'oducdes
746 2487 855 2551 Aescb.
871 2489 959 2552 Ειιιιι.
977 2488 1072 2553 1044.
1097 2492 1174 2574 quod

62 2596 253 2660 Hermannus
272 2590 384 2676 Opuso.
402 2591 438 2654 T.
457 2591 484 2654 V
486 2588 509 2652 Ι.
526 2589 559 2654 2.
580 2588 653 2655 125.
678 2588 812 2675 ἔνὸᾇδες
834 2590 948 2666 scribit,
971 2590 1041 2654 alibi
1062 2587 1175 2678 γήραι,
1212 2612 1215 2617 ·

61 2697 177 2779 δέπαι,
192 2707 227 2761 ut
241 2693 434 2758 Tbiersohius
451 2691 584 2757 Gramma
604 2692 657 2757 Gr.
676 2693 704 2778 ξ.
715 2691 767 2775 15,
782 2690 837 2760 27.
850 2692 983 2758 scribere
997 2693 1104 2789 solitus
1114 2695 1172 2784 ³⁷).

64 2850 279 2865 *-

70 2968 75 2974 ·
134 2941 183 3009 37)
199 2941 306 2994 liomani
323 2940 477 3006 tragoedus,
502 2939 637 2991 comoedus
654 2946 682 2992 et
698 2940 864 2993 citharoedos
881 2940 1023 2994 scribentes
1042 2941 1096 2993 iota
1113 2943 1175 2994 omi·

60 3036 158 3082 serunt
174 3029 202 3079 in
221 3028 373 3096 rhapsodus,
398 3027 526 3093 prosodia,
551 3026 690 3093 palinodia,
715 3028 819 3091 berou,
837 3036 953 3095 patrous,
972 3028 1079 3089 Latous,
1098 3042 1176 3096 prora

61 3116 222 3184 (quanquam
240 3114 302 3165 buta
318 3128 394 3181 saepe
412 3113 490 3163 etiam
509 3111 602 3165 Graeci
620 3113 789 3181 subtrabunt)
807 3112 918 3165 lortmse
936 3113 967 3164 ob
986 3129 1041 3166 eam
1058 3126 1174 3178 murum,

61 3203 127 3270 quia
149 3200 197 3252 illa
219 3201 322 3251 nomina
345 3200 372 3250 in
396 3198 555 3250 commerciis
579 3199 650 3251 vitae
674 3200 839 3266 quotidianae
857 3200 988 3252 celebrata
1004 3202 1085 3252 multo
1103 3201 1176 3269 prius

61 3293 256 3357 perceperunt,
274 3300 333 3337 nam
351 3285 383 3336 ab
402 3300 431 3336 eo
450 3284 516 3351 quod
535 3287 670 3338 comoedus
687 3300 703 3336 a
720 3286 800 3337 verbo
818 3286 983 3353 compositum
1002 3295 1051 3348 est,
1071 3289 1176 3356 rbapso·

63 3375 114 3427 dos
133 3389 149 3426 a
167 3373 283 3435 nomine,
308 3374 428 3425 variatae
451 3372 596 3438 scripturae
619 3386 721 3453 capsa
723 3372 805 3438 repeti
828 3373 927 3439 nequit.
964 3365 1043 3424 Pinna
1068 3374 1205 3427 evanuit,

61 3461 145 3513 litera
162 3473 256 3524 graeca
274 3460 300 3510 in
320 3458 453 3524 crepulo,
497 3472 527 3510 as
543 3465 645 3510 mutata
660 3458 714 3511 in
707 3475 716 3509 ι
733 3459 818 3519 vele,
838 3458 897 3524 boja
914 3466 944 3510 ut
960 3458 1031 3526 Maia
1048 3460 1093 3511 sed
1110 3459 1175 3523 Oea,

60 3545 189 3599 iudaicus
202 3546 247 3597 sed
260 3544 395 3596 Gallaecos
408 3550 439 3596 ut
452 3536 628 3613 Ascppoiadas
639 3559 666 3595 r.
676 3545 786 3596 Boenlrb.
794 3544 875 3597 lusor.
892 3544 924 3597 T.
935 3544 955 3596 l.
969 3545 1028 3601 722.
1038 3543 1065 3596 b.
1080 3544 1139 3599 778.
1149 3561 1174 3598 ι.

61 3633 109 3701 qui
128 3632 257 3700 quomod
274 3631 347 3683 Pind.
369 3628 411 3682 01.
426 3628 495 3681 Xlll.
516 3630 558 3684 82.
578 3628 665 3696 (121.)
682 3631 784 3682 nescire
801 3630 969 3697 profiteretur
986 3632 1047 3698 quid
1065 3633 1101 3683 sit
1118 3627 1179 3702 (τῇ)

59 3721 141 3790 yion,
163 3718 275 3769 nondum
293 3717 411 3782 cognitus
428 3724 487 3767 erat
508 3715 677 3768 Choerobosci
701 3732 781 3768 canon
806 3711 967 3770 oddimoas’
952 3737 983 3772 εν
998 3715 1071 3773 silas
1084 3714 1179 3779 λέξεως

61 3800 127 3875 sies
147 3801 296 3877 dipdoyyos
313 3796 466 3871 ιιιρίσιιιται
487 3801 583 3854 Anood.
599 3801 676 3855 1105.
704 3803 771 3870 quod
787 3802 952 3887 conjunctum
969 3809 1010 3855 est
1027 3782 1084 3855 edm
1101 3802 1177 3869 Apol·

62 3891 128 3944 lonii
151 3897 288 3959 praecepto
311 3886 380 3945 batto
403 3889 587 3956 diphthongum
611 3904 743 3955 nunquam
755 3889 887 3963 &seponi
904 3903 1030 3940 consonae
1053 3903 1078 3955 p.
1098 3887 1175 3941 1202.

63 3993 146 4046 qnare
166 3973 318 4047 ζιυγνῦμην
334 3975 498 4029 scribendum
516 3989 584 4027 esso.
620 3973 648 4026 ld
665 3974 830 4044 comprobare
846 3975 952 4027 videtur
964 3974 1126 4028 Hermannus
1143 3972 1180 4049 τῇ

63 4060 162 4135 mindi
179 4062 322 4117 scribens'
314 4078 340 4114 ιιι
358 4061 445 4115 Praei.
464 4063 497 4114 ad
516 4060 646 4115 Seiliartb.
668 4062 699 4116 de
716 4062 792 4117 Senis
809 4062 911 4117 literar.
930 4075 956 4128 p.
971 4058 1038 4113 vill.
1101 4100 1104 4111 .
1170 4090 1174 4113 t

208 4206 239 4259 ’ψ
1080 4216 1103 4251 *a
1186 4240 1197 4246 -
