2506 4492
270 190 329 259 nn
357 192 547 261 nnrncr.
571 192 782 263 rnucnrn.
805 196 852 264 c.
872 162 911 263 ο.
941 198 971 284 p.
994 199 1028 265 ι.
1120 198 1187 267 nu

76 376 156 462 qnod
183 374 261 439 idem
284 373 449 461 Hesychius
470 396 611 461 perquam
632 376 717 440 varie
734 376 865 462 explicat
881 374 1089 468 χροσοήλιοο,
1110 400 1186 470 χρν·

76 476 261 562 conteneo
286 472 575 563 ἢναλλιόμμλοο,
605 499 662 563 ροο
691 479 758 544 1οσο
789 474 972 570 χροοόηλος
997 483 1185 546 scribendum

76 593 111 645 ct
135 574 361 663 ιιαλλιόμιλοο,
383 600 452 643 nam
474 574 618 668 ὀαρίζειν
637 581 875 665 interpretantur
896 579 1028 669 ὁμιλεῖν
1043 595 1074 647 et
1092 577 1186 668 ὀαρι-

76 676 222 750 στύν-ὲ
238 678 372 767 ὅμιλον.
422 681 525 767 Neque
552 680 705 773 χροοάωρ
741 685 837 747 solum
870 686 980 748 dicitur
1009 686 1061 749 sed
1091 686 1182 750 etiam

75 778 268 876 χρσοοέοροο
285 795 318 848 nt
341 779 544 873 δολιχαορος.
590 786 671 866 Quae
701 788 831 852 fortasse
861 787 958 851 omnia
987 809 1007 852 a
1034 789 1184 859 communi

70 889 173 972 stirpe
194 886 279 951 verli
301 880 371 972 ἄρα
399 875 488 950 ducta
509 897 591 964 sunt,
614 890 665 953 sed
687 910 723 957 ec
742 889 910 953 differentia
935 898 969 954 ot
990 888 1085 954 solnm
1109 910 1184 954 ncu-

74 999 159 1052 trum
187 988 368 1052 terminetur
395 989 427 1053 in
455 975 513 1077 ορ,
541 991 709 1054 communia
738 989 769 1054 in
801 978 848 1077 (ορ
869 992 918 1055 vel
945 993 978 1056 in
1003 977 1093 1077 οροῖ.
1137 991 1183 1054 Ab

72 1086 180 1178 ἦτορ,
207 1093 283 1174 qnod
312 1090 486 1155 Eustatlrius
517 1113 547 1175 p.
573 1090 647 1166 113,
676 1091 729 1156 33.
761 1105 792 1158 et
822 1094 954 1161 Philemo
983 1095 1010 1178 3.
1039 1092 1093 1158 85.
1130 1114 1184 1178 per

75 1213 168 1256 casus
189 1193 331 1256 declinari
354 1204 465 1277 negant
493 1215 589 1278 neque
612 1205 694 1259 certa
725 1206 771 1259 est
792 1199 939 1281 scriptura
968 1196 999 1261 in
1021 1195 1182 1262 Simonidis

74 1295 197 1378 Fragm.
223 1293 287 1358 Vll.
309 1292 341 1357 6.
365 1287 464 1383 ἤτορι
491 1296 695 1384 γαλαθηνῷ,
722 1298 873 1382 complura
894 1311 1034 1364 manant:
1064 1295 1184 1384 dolor}-

74 1420 145 1482 τωρ
168 1396 272 1482 syoitt.
296 1396 431 1460 Prooem.
456 1396 629 1486 κακοήτοιρ
648 1401 689 1463 ib.
714 1399 738 1463 l.
763 1397 837 1463 181.
860 1398 1073 1487 μογολῆτοιρ,
1096 1402 1182 1487 cnjus

73 1519 181 1564 omnes
206 1520 293 1562 casus
314 1498 345 1560 in
368 1520 425 1570 usn
447 1513 529 1565 sunt.
575 1502 708 1586 Longius
730 1522 789 1564 non
815 1503 1003 1585 proceditor3
1034 1524 1104 1567 narn
1127 1525 1182 1588 pro

73 1595 248 1688 adprdpccc
276 1601 593 1685 epucroitosnarum
622 1624 697 1667 vere
725 1605 911 1667 emendatum
940 1615 986 1667 est
1014 1596 1179 1690 ούιξτριοο.

77 1706 112 1769 1ο
141 1693 187 1794 ορ
214 1706 373 1768 terminata
401 1725 547 1788 perpauca
576 1717 663 1784 sunt3
696 1726 764 1768 nant
797 1726 872 1788 quae
898 1707 973 1790 apud
1002 1707 1182 1794 Hesychium

72 1819 184 1873 extant
204 1802 337 1894 βόμβορ
364 1802 494 1892 ἅμμος,
520 1799 603 1894 ἰθύρ
625 1805 663 1873 τὸ
684 1802 834 1891 σιδήριον
847 1807 909 1874 τοῦ
925 1802 1057 1889 ἄξονος,
1080 1802 1201 1895 νόριιρ·

71 1904 218 1997 θριγκός
241 1921 300 1973 etc.
325 1909 453 1994 speciem
476 1910 620 1985 doricam,
643 1921 795 1973 auctorem
818 1909 931 1973 nullum
956 1910 1085 1987 habent,
1108 1933 1182 1996 gen·

72 2013 168 2077 tilicia
197 2023 316 2086 autem,
351 2032 426 2096 qrrae
455 2013 629 2077 llnstathius
658 2011 833 2098 perstringit
855 2034 884 2097 p.
908 2011 990 2090 932,
1013 2012 1067 2077 tt.
1093 2013 1182 2077 etad

72 2117 202 2200 Dionys.
227 2137 258 2178 r.
282 2115 359 2180 491.
398 2109 527 2202 Ἔφορ,
550 2115 703 2203 Κὲριισρ,
723 2107 858 2200 Ἴλλορ,
877 2108 1026 2201 Ἆοοορ,
1050 2126 1082 2181 et
1103 2115 1181 2200 quod

70 2218 283 2301 Theognostns
304 2219 383 2281 addit
406 2240 433 2301 p.
458 2216 513 2279 41.
551 2215 675 2302 Φίλσρ,
709 2239 812 2282 eorum
841 2239 943 2282 casum
970 2217 1095 2303 primum
1119 2239 1181 2281 non

70 2319 205 2383 inveniri
228 2319 397 2382 Herodiano
427 2319 574 2382 credimus
601 2338 649 2401 ap.
674 2319 776 2405 Etym.
800 2320 841 2382 ld.
867 2319 947 2395 506,
970 2319 1023 2383 20.
1049 2320 1099 2403 qni
1122 2322 1180 2383 duo

71 2421 141 2487 sola
160 2422 289 2484 admittit
311 2443 328 2484 a
351 2422 452 2485 Schol.
475 2421 603 2483 Theocr.
628 2419 653 2482 l.
677 2419 706 2483 1.
731 2431 899 2504 comparata
920 2416 1055 2506 μοῖρτορ
1076 2432 1107 2485 οι
1124 2418 1180 2498 ψί-

70 2533 162 2612 dup-
190 2545 322 2608 quornm,
345 2525 428 2606 prius
455 2522 641 2586 Herodianus
669 2521 757 2584 Enst.
788 2543 817 2605 p.
842 2520 993 2595 114,18.
1037 2521 1180 2615 pleolibus

70 2626 179 2691 tmbuit
199 2646 216 2690 a
239 2626 386 2699 communi
410 2646 466 2688 usa
488 2625 674 2709 sejunctum
697 2623 823 2687 alterius
845 2623 932 2687 testis
948 2618 1060 2686 nnllns.
1098 2623 1181 2712 Mor-

71 2749 175 2815 myres
196 2729 228 2791 in
251 2728 337 2791 tlvid.
362 2727 492 2791 Halicnt.
522 2725 663 2789 dicuntur
684 2726 733 2809 qni
755 2747 863 2809 graece
885 2722 1059 2812 μόρμιιροι
1080 2736 1116 2788 ut
1138 2725 1180 2789 si·

70 2853 123 2895 ser
145 2827 297 2916 σίσαρον,
322 2830 403 2894 cicer
426 2826 554 2914 ιιιίιερος
580 2827 646 2891 sive
670 2829 834 2913 ιίιερῤος.
879 2831 1020 2893 Asturam
1043 2828 1179 2890 Memno·

71 2934 120 2997 nis
142 2934 323 3017 armigerum
346 2932 436 2995 Silius
458 2933 549 2996 finxit
572 2930 623 2994 lll.
647 2928 722 2995 332.
753 2951 794 2993 ex
825 2932 925 3014 gentis
947 2931 1067 2994 nomine
1089 2930 1179 2991 Astu·

70 3056 134 3114 res,
160 3035 283 3098 Graecis
305 3037 452 3119 ignotum.
487 3028 625 3118 chcop
649 3054 667 3096 c
690 3032 858 3096 Ptolemaeo
880 3032 1045 3116 appellatur
1065 3030 1176 3108 insula,

70 3157 159 3220 quarn
180 3137 364 3221 antiquiores
386 3128 592 3222 Κόσσοσραν
621 3135 723 3199 dicunt
740 3155 776 3197 .v.
793 3132 946 3196 Tzchuck.
970 3133 1005 3196 ad
1020 3133 1092 3197 Mel.
1106 3132 1176 3200 Vol.

70 3238 109 3302 ll.
134 3239 168 3301 P.
194 3238 231 3303 ll.
257 3237 330 3304 581.
379 3239 548 3323 Composita
568 3239 601 3301 in
620 3236 676 3302 ltoc
697 3257 809 3320 genere
832 3256 892 3297 non
911 3234 1103 3319 reperiuntur
1118 3235 1178 3301 nisi

69 3343 150 3405 forte
173 3343 249 3426 apud
274 3343 435 3427 scriptores
458 3340 645 3406 Christianos
668 3334 934 3424 ὄααλλίμαρτορ
959 3337 1009 3402 vel
1029 3335 1177 3428 μεγαλό-

68 3467 225 3531 μαρτορ,
254 3465 329 3528 quae
357 3455 456 3513 tamen
490 3440 642 3525 politiores
671 3440 828 3526 repudiant
855 3441 1059 3524 praeferentes
1088 3435 1178 3531 lepti-

68 3569 204 3631 μοιρτος
239 3546 325 3610 Phot.
358 3545 432 3608 Cod.
465 3542 593 3607 cctvl.
627 3540 703 3606 766.
740 3534 1000 3631 μεγαλόμαρτσς
1035 3546 1173 3612 Eustatlt.
1214 3558 1218 3563 ’

69 3650 182 3734 tlpnsc.
209 3648 283 3726 167,
306 3646 359 3714 26.
386 3643 584 3732 θεόμαρτσς
606 3644 629 3710 l.
651 3644 685 3720 2,
708 3640 761 3710 20.
788 3654 819 3707 et
833 3646 993 3731 conjuncta
1013 3646 1045 3710 in
1059 3647 1173 3711 Aneed.

69 3750 252 3828 Bachmann.
276 3749 358 3814 ’1.11.
374 3749 449 3814 354.
472 3739 688 3832 ὁσιόμαρτσς,
711 3744 952 3835 καλλίμαρται,
973 3743 1175 3833 πρωτόμοιρ-

68 3877 150 3928 ccc,
188 3867 389 3939 congruenter
417 3849 546 3935 antiquis
571 3841 805 3935 αὐτόμαρτυς,
838 3844 1088 3937 ψεσδόμαρτος·
1117 3868 1174 3914 nec
1239 3858 1242 3867 '

68 3957 146 4040 apud
168 3955 359 4019 Plutarchum
385 3950 630 4044 ψεσιλομοὶρτσρ
662 3963 697 4016 ut
718 3950 895 4019 Scheiderus
914 3950 978 4029 ait,
1006 3951 1059 4015 sed
1085 3964 1176 4038 ψεσ-

69 4049 281 4148 ιλομοῖρτορος
301 4057 413 4144 legitur
432 4058 472 4123 cl.
495 4055 613 4124 Suicer.
632 4053 723 4121 Thes.
746 4075 774 4121 s.
793 4053 982 4141 Στέφανος.
1011 4051 1175 4120 Ancmine

183 4186 198 4229 l·
