2506 4492
89 243 160 311 roo
444 197 759 309 urssunra'rro
787 241 831 308 u.

89 420 239 485 nominum
262 420 295 484 iu
315 405 387 495 αὀἶ.
416 420 601 486 Herodianus
621 446 659 489 π.
676 422 771 488 Μον.
792 443 821 506 p.
838 419 892 497 4l,
908 420 962 488 21.
986 417 1089 490 οὐδὲν
1112 416 1194 490 δνο-

85 548 139 609 για
164 526 211 596 εἰς
237 510 301 601 οἶα-ξ’
325 523 430 611 λήγον
453 521 607 617 θηλυκὸν
631 519 716 591 οίλλοί
736 515 849 611 μόνον
869 521 908 590 τδ
927 525 1048 612 γλαῦξ·
1085 550 1194 613 προς-

85 623 195 712 ἑθήκα
217 624 253 692 δὲ
272 621 443 712 θήλακόν,
466 633 525 693 ἵνα
544 621 596 711 μή
616 649 666 708 τις
686 625 725 692 τί
754 625 847 703 Turi&
867 622 1013 717 οίντιθή·
1045 633 1192 716 ἱστορεῖ-

84 753 142 794 ται
164 724 226 815 γοίρ
253 725 352 803 οὗτος
375 727 530 815 ποταγιδς
554 729 632 815 περί
656 727 823 796 Σικελίαν.
868 731 912 794 Dc
938 741 1065 794 accentu
1091 732 1191 794 admo·

84 842 138 895 net
158 832 260 918 Etym.
281 833 322 896 M.
346 854 375 916 p.
395 830 454 907 36,
478 830 529 895 53.
554 828 655 899 οὐδὲν
678 818 766 908 ric}
783 832 988 918 περισποὶται
1010 833 1101 914 (adde
1124 827 1190 899 cloud

85 925 281 1021 φωνήεντος
297 928 517 1024 οίρχίγιενον)·
542 932 580 1000 τδ
595 932 715 1002 τοίνυν
737 937 790 1011 αἵξ
804 928 966 1013 ὀξύνεται,
988 932 1026 1000 vd
1045 933 1082 1000 tt
1101 934 1190 1020 Θρᾷξ

84 1036 290 1122 περισποῑται
311 1036 369 1103 καί
387 1038 425 1103 τὸ
447 1038 550 1112 lbos.
579 1038 753 1101 Mentissam
772 1039 874 1122 adjicit
888 1036 1057 1102 Tecbuicus
1075 1036 1184 1101 Auecd.

83 1159 113 1224 p.
139 1134 233 1204 1230.
271 1138 367 1206 παῖσα
397 1136 563 1225 αἰτιατική
592 1143 638 1213 εἰς
665 1123 696 1206 α
720 1134 892 1228 διφθόγγφ
923 1138 1186 1228 παραλήγογιίνη

82 1241 372 1328 προπερισποίται,
395 1240 471 1309 οἷον
490 1241 636 1330 γλαιλιια,
659 1241 780 1319 notua,
801 1255 944 1326 προῖκα,
965 1241 1057 1334 αἶγα,
1082 1241 1186 1316 δαῖτα,

82 1345 135 1409 sed
162 1344 236 1408 illud
262 1336 344 1419 καιλξ
370 1344 438 1429 quid
466 1345 525 1419 sit,
558 1344 712 1422 uescitur3
752 1344 785 1407 iu
812 1343 911 1408 Gloss.
940 1343 1048 1429 Cyrill.
1081 1344 1186 1428 legitur

82 1445 190 1512 καῦκα
203 1457 332 1531 patera,
353 1466 429 1532 quae
449 1445 572 1519 καῦκος
588 1447 645 1510 dici
664 1447 760 1523 solet3
783 1447 859 1531 apud
876 1446 1058 1532 Hesychium
1075 1449 1185 1532 Κραν·

81 1543 124 1636 γή
145 1541 281 1636 νόσημα
301 1546 465 1616 παιδίαν·
491 1549 547 1616 καλ
568 1546 631 1637 γοίρ
654 1546 676 1635 ή
695 1549 799 1633 nocui}
825 1546 959 1635 οεριφία
982 1548 1077 1614 ἐστίν
1097 1547 1121 1634 ή
1138 1550 1186 1616 λε·
1217 1560 1219 1565 ’

82 1652 211 1740 γομένη
232 1648 420 1739 βασκανία,
449 1651 499 1715 ubi
521 1652 597 1735 quod
621 1651 780 1735 Sopiugius
803 1651 957 1715 substituit
978 1650 1085 1738 γραῦς
1107 1671 1185 1736 egre·

82 1755 130 1840 gie
144 1755 287 1819 convenit
309 1774 375 1819 cum
398 1751 543 1839 οεριφία,
569 1754 622 1815 scd
643 1752 748 1836 κραῠξ
773 1753 867 1836 magis
890 1775 957 1816 cum
979 1754 1110 1844 κραυγή
1132 1754 1185 1817 cla·

81 1879 232 1922 mosorum
253 1856 431 1930 infantium,
455 1875 543 1936 quam
564 1854 744 1929 nutriculae,
768 1865 803 1916 ut
824 1855 955 1930 videtur,
979 1855 1183 1921 fascinantium

81 1958 171 2023 lirori
192 1957 374 2021 tribuebant.
417 1956 474 2020 Sed
497 1957 569 2020 haec
590 1957 622 2018 iu
646 1958 818 2041 conjectura
839 1956 947 2040 posita.
994 1957 1136 2023 Ceterum
1155 1958 1183 2020 iu

80 2059 183 2145 Etym.
204 2057 280 2121 Gud.
301 2056 376 2134 512,
398 2055 449 2121 15.
474 2054 632 2123 οὐδέποτε
654 2057 842 2146 δίφθογγος
864 2062 910 2132 είς
932 2058 1079 2128 διπλοῦν
1099 2053 1183 2147 λήγει

80 2156 170 2246 πλήν
195 2160 257 2225 τοῦ
284 2158 397 2245 προίξ,
430 2161 620 2224 urauifestum
647 2170 695 2224 est
721 2172 789 2244 post
815 2159 1010 2249 δίφθογγον
1038 2164 1181 2227 excidisse

80 2264 172 2327 verba
194 2258 262 2328 α’πδ
283 2261 345 2328 τοῦ
366 2248 598 2352 οᾰρχογιίνης
639 2284 707 2326 nam
735 2274 769 2327 ut
796 2275 897 2328 cetera
918 2264 1113 2347 ignoraverit
1135 2265 1180 2328 bu·

74 2365 127 2451 jus
142 2366 265 2431 canonis
279 2365 472 2450 perscriptor,
496 2364 734 2450 vulgatissimum
760 2387 868 2429 nomeu
891 2362 993 2454 γλαιλξ
1018 2388 1087 2430 eum
1103 2366 1177 2431 nullo

80 2480 166 2553 pacto
187 2468 395 2554 subterfugere
417 2468 524 2552 potuit,
548 2469 583 2532 dc
607 2469 691 2553 cujus
714 2467 813 2532 touosi
834 2467 925 2531 attica
938 2469 984 2554 ³⁶)
1004 2468 1135 2534 loannes
1153 2489 1176 2553 p.

79 2569 113 2646 7,
137 2569 191 2638 26.
215 2572 358 2657 multique
379 2570 431 2635 alii
454 2571 568 2654 loquuti
589 2584 661 2637 sunt
681 2593 713 2638 v.
737 2573 775 2635 ad
796 2570 910 2656 Pbryu.
935 2592 964 2654 p.
990 2568 1045 2635 76.

143 2870 282 2948 Σποίνια
303 2873 347 2945 τοί
368 2880 415 2951 εἰς
435 2863 480 2956 ε’ἷ,
503 2877 585 2967 κρέξ,
608 2877 728 2960 ἐπίτεξ,
751 2880 854 2957 Λέλεξ
876 2879 1014 2945 Eustatb.
1039 2902 1069 2965 p.
1088 2878 1173 2956 1922,

79 2979 112 3046 8.
134 2982 342 3065 Theoguostus
357 2979 395 3043 ll.
415 2977 487 3045 132.
512 2981 593 3044 addit
609 2982 846 3068 monosyllabum
865 2985 917 3059 λέξ
936 2995 967 3049 et
985 2982 1172 3070 p.40.1quae
1217 3062 1219 3067 Δ

80 3104 170 3167 supra
190 3084 334 3171 syllabam
355 3093 444 3147 suut:
473 3082 600 3170 Βίβρεξ
621 3079 734 3170 ὄνογια
756 3090 899 3166 ἔθνονς,
923 3081 1065 3174 α’γχίτεξ,
1086 3104 1171 3152 πινν-

78 3178 190 3266 τοίλεξ,
226 3186 361 3270 idemque
389 3185 465 3248 bauc
493 3187 734 3251 terminationem
762 3210 915 3274 perraram
944 3209 1011 3252 esse
1040 3197 1169 3255 testatur·

78 3290 128 3355 Ex
154 3311 211 3373 quo
239 3287 383 3372 emergit,
418 3308 473 3351 cur
497 3286 604 3351 Graeci
631 3310 788 3356 romanum
812 3291 951 3377 Simplex
977 3290 1011 3353 in
1038 3284 1171 3376 Σίμπλιί

78 3392 228 3458 verterint
255 3390 311 3454 Dio
337 3391 423 3454 Cass.
446 3390 541 3453 LXV.
570 3390 622 3455 17.
648 3393 854 3478 prolempsin
882 3389 1027 3480 πρίγκιφ
1055 3388 1167 3475 Niceph-

81 3495 173 3580 Greg.
196 3493 247 3558 lll.
273 3493 312 3571 5,
335 3493 388 3559 lt.
412 3491 451 3557 A.
498 3492 554 3556 Sed
577 3493 765 3576 dispiciamus
787 3494 917 3578 singula.
963 3494 1167 3559 Grammaticus

78 3597 111 3664 in
132 3597 246 3662 Auecd.
270 3596 393 3659 Barocc.
418 3617 448 3680 p.
470 3592 546 3658 418.
579 3617 666 3680 quum
691 3596 840 3659 docuisset
864 3597 984 3660 nomina
1009 3597 1042 3660 in
1060 3583 1091 3673 ’ξ’
1108 3610 1168 3660 cue·

78 3701 163 3766 untia
191 3697 289 3763 vocali
315 3696 401 3762 brevi
427 3718 481 3782 per
507 3683 529 3761 ἶι
553 3697 715 3778 declinari,
747 3697 827 3762 illico
850 3698 969 3784 subjicit
996 3698 1031 3766 τί
1052 3691 1114 3767 οὖν
1137 3684 1166 3759 tl

147 3956 193 4024 ac)
216 3949 307 4018 mats
321 3955 430 4007 ποια.
451 3953 481 4005 u.
500 3954 567 4006 uun.
587 3952 633 4006 rx.
654 3956 679 4011 κ.
699 3954 750 4021 (ι.)
772 3955 798 4006 ο.
822 3955 867 4006 seu
887 3956 979 4007 urum
996 3955 1028 4009 u.
1050 3957 1092 4014 ιι.
1110 3939 1168 4022 (tt-l

80 4043 122 4111 lt.
142 4051 170 4095 ot
186 4043 245 4105 aliis
262 4042 325 4093 locis
341 4029 426 4112 γλαιίξ
443 4048 473 4092 ut
490 4040 617 4106 Theophr.
638 4041 668 4092 de
687 4041 757 4105 Sigu.
773 4041 849 4093 Pluv.
864 4041 908 4094 lV.
926 4042 951 4103 3,
967 4042 1028 4094 798.
1047 4037 1171 4104 Γλοίξ’

67 4134 119 4184 καὶ
127 4124 255 4199 φαείνει
262 4128 375 4199 llcsyob.
389 4125 471 4215 γλαίξ
482 4122 541 4182 πίει
551 4124 683 4197 γιίλαιιτοο
693 4119 833 4202 γεννητική
843 4116 1172 4194 Ροο1.λες.1111.231.12·
