2506 4492
151 256 154 263 .
242 190 301 290 on
327 148 515 261 unirer.
538 189 752 265 ruuouru.
780 190 818 265 c.
838 189 901 258 ιιι.
924 193 953 277 §-
971 191 1005 259 ο.
1106 191 1180 267 ouo

68 372 166 438 scribi
194 381 345 455 oportere.
390 369 424 435 si
449 381 550 435 tumen
574 369 769 453 Theocritus,
800 384 835 438 ut
860 372 1040 437 Buttmanuo
1066 369 1179 448 visuum

68 472 204 540 fabulam
223 475 260 542 de
276 472 459 550 Euheueide,
482 494 568 558 quem
586 473 763 541 Parthenius
783 476 935 560 exposuit,
957 485 1099 559 sequutus
1118 485 1178 551 est,

68 577 120 644 sie
141 577 299 661 scripsisse
320 575 440 640 videtur
460 570 506 649 oie
525 570 805 665 ποκ”Ἐραξινέας
820 570 1005 664 ἤρα’σσασο,
1028 597 1097 647 nam
1115 579 1180 664 ἐχο-

68 685 150 766 νηλς
173 689 205 744 et
230 682 398 764 ἐρσσινηλς
425 699 594 764 synonyme
620 691 702 743 sunt.
747 679 872 750 Formae
901 680 1016 763 quidem
1044 677 1182 762 anologio

70 782 213 847 eernitnu
238 782 271 844 in
292 780 462 853 Μενελαλς
487 780 576 845 Paus.
599 781 679 851 VIII.
703 781 763 858 23,
786 780 818 846 3.
865 782 1052 856 Σθενελαΐς
1073 780 1178 865 Epigr.
1214 855 1216 863 Ι

69 886 186 970 Adesp.
212 883 320 951 CXIV.
358 877 527 972 Ἀρχελαΐς
547 882 690 950 Parthen.
718 884 951 970 αρ.Ηορ1]οσει.
981 882 1005 948 1.
1029 881 1061 945 3.
1090 904 1120 967 p.
1143 880 1177 947 9.

69 985 262 1060 λασιλαλδος
290 985 458 1069 lupinorum
483 1007 593 1056 nemon
617 986 783 1055 Iueouioum
806 986 918 1052 Athen.
942 985 981 1058 II.
1005 984 1057 1049 55.
1081 984 1118 1047 Ε.
1149 995 1181 1051 et

69 1086 247 1172 νινολᾷδσς
272 1087 351 1155 VIII.
377 1087 452 1156 346.
479 1089 514 1152 Β.
547 1100 733 1159 contractum
761 1102 796 1154 ut
823 1088 986 1176 uonqido,
1011 1082 1179 1174 fflifiotdo,
1236 1074 1239 1079 ⁴

70 1191 134 1255 hoo
155 1189 241 1254 brevi
261 1190 377 1267 voeali,
403 1191 477 1254 illud
497 1191 606 1276 longa,
637 1203 669 1256 et
689 1193 885 1263 masculinum
908 1186 1119 1277 Νικολᾴδας,
1146 1200 1182 1255 ut

68 1285 241 1379 Ἡρῴδης,
266 1288 446 1382 Μινῴδηςς
482 1295 530 1360 eui
554 1295 657 1360 neseio
682 1317 739 1361 our
760 1294 914 1367 Jacobsius
937 1296 970 1358 in
993 1293 1085 1358 Anth.
1113 1291 1177 1366 Pel.

70 1394 160 1464 XIII.
182 1394 235 1461 19.
258 1396 320 1459 iota
341 1397 543 1473 subtraxerit,
568 1399 644 1482 quod
666 1409 787 1482 apparet
808 1397 841 1461 in
856 1394 1067 1471 Νικολαΐδας
1087 1394 1177 1471 Ραιιο.

72 1497 130 1564 VI.
152 1495 204 1563 10.
229 1497 460 1572 Σθενελαΐδας
482 1499 506 1568 I.
526 1497 580 1565 85.
606 1499 683 1569 VIII.
703 1501 735 1566 3.
758 1495 926 1574 Ἰολαΐδας
946 1498 1065 1562 ΑοΙίσιι.
1082 1496 1121 1559 V.
1138 1495 1177 1558 H.

70 1599 146 1664 XII.
167 1599 198 1664 3.
226 1599 421 1675 Νεολαΐδας
442 1601 547 1687 Polyb.
562 1602 708 1667 XXXIII.
727 1601 759 1666 5.
779 1599 1025 1690 Μισγολαΐδας·
1037 1597 1177 1681 Xenoph.

70 1701 299 1779 ‘Innoda'tdor
320 1726 350 1769 v.
372 1704 477 1770 Corsis
499 1706 536 1769 ud
555 1703 648 1769 Isoor.
669 1725 698 1789 p.
715 1703 791 1770 264.
814 1701 1063 1790 Ἀριστολαΐδας
1082 1699 1178 1774 lusor.

73 1807 206 1893 Coreyr.
229 1806 268 1870 N.
295 1805 388 1872 1845.
413 1807 482 1872 vol.
506 1806 544 1871 II.
563 1812 609 1891 ²⁰)
635 1829 760 1890 quorum
782 1809 914 1879 omnium
935 1802 1112 1878 terminatio
1129 1800 1181 1864 (10-

72 1910 154 1975 riou.
189 1907 327 1976 Alterum
348 1920 396 1974 est
415 1909 488 1973 illud
508 1909 590 1984 νᾶες
610 1903 731 1986 ἄναες,
752 1911 830 1995 quod
852 1931 941 1995 quum
962 1901 1181 1989 Lexioogrnphi

72 2014 114 2078 nd
136 2006 244 2086 ἄνανς
268 2012 463 2089 retulissent,
494 2012 551 2076 hoo
571 2034 682 2079 nomen
703 2013 864 2078 Pessovius
888 2011 1015 2080 Graecia
1038 2002 1181 2079 extermi-

74 2115 164 2180 navit
185 2115 345 2179 &iussero
366 2127 508 2191 duotore,
540 2114 590 2199 qui
611 2117 648 2179 ud
669 2116 743 2180 Heo.
767 2112 842 2181 610.
867 2126 898 2181 et
918 2114 975 2178 hoo
996 2125 1027 2183 et
1047 2105 1182 2197 παρθέ-

72 2239 137 2291 νος
158 2209 375 2305 οἷπᾶρθςνος,
403 2208 514 2303 γᾶμος
536 2211 688 2304 ἄγαμος,
717 2211 812 2307 χᾶρις
833 2212 966 2308 ἄχαρις,
994 2218 1182 2286 substantiva

74 2341 146 2386 esse
175 2321 326 2384 sostendit
343 2321 469 2405 ‘uagina
496 2320 585 2386 unius
614 2330 667 2385 uut
692 2341 853 2404 mutorum
881 2342 1002 2389 ossuum
1032 2320 1181 2404 certisque

73 2423 276 2488 locutionibus
300 2433 385 2508 apte,
415 2423 552 2505 idemque
578 2423 683 2487 statuit
707 2424 742 2485 de
766 2419 918 2489 πλοᾶσον
942 2416 1118 2488 ἄπλουτον
1145 2421 1182 2484 ud

74 2527 157 2592 Plut.
176 2524 215 2589 V.
238 2524 313 2612 Lye.
338 2548 366 2589 o.
384 2525 428 2588 X.
451 2546 481 2609 p.
501 2521 575 2588 299.
620 2524 692 2604 Quid
715 2545 789 2587 vero
811 2523 910 2588 minus
933 2533 1179 2601 consentaneum,

76 2651 166 2715 quam
191 2624 302 2715 γᾶμος
328 2621 478 2715 ἄγαμος,
514 2619 607 2715 χᾶρις
633 2620 767 2716 ἄχαρις,
802 2627 892 2690 uliter
919 2626 977 2690 diei
1004 2636 1094 2712 atque
1120 2618 1182 2690 αὸν

74 2726 216 2821 ἄγαμον
238 2721 353 2819 γᾶμον
379 2729 452 2792 dod.
478 2728 514 2793 Τ.
542 2728 635 2795 1214.
671 2722 804 2817 γᾶμονς
828 2721 1021 2818 δνςγᾶμοας
1045 2727 1180 2792 Phoeuu.

79 2834 176 2902 1047.
209 2829 275 2901 τᾶν
297 2828 418 2922 ἄχαριν
442 2824 561 2922 χᾶριτα
587 2832 712 2896 Leonid.
737 2834 840 2919 Epigr.
864 2834 987 2902 XLVII.
1022 2826 1117 2920 χᾶρις
1140 2826 1184 2897 ον’

76 2937 240 3030 χαρίεσσα
268 2937 396 3022 Gregor.
421 2935 522 3000 (iarn
544 2934 623 3001 LVI.
652 2957 682 3021 p.
709 2935 781 3002 133.
804 2937 843 3002 Ε.
883 2932 977 3027 χάρις
1003 2929 1182 3022 ἄχαρισσος

79 3113 291 3126 ,ψ

73 3222 166 3291 Ιορςοιιι
184 3223 225 3267 est
238 3209 289 3302 Ιτοῖς
305 3231 335 3285 γε
351 3208 437 3280 tote·
455 3211 513 3278 quis
531 3212 598 3264 enirn
616 3213 705 3265 eredat
722 3214 891 3277 Sirnnothnm,
911 3229 977 3282 quae
994 3231 1108 3284 pomponi
1126 3231 1181 3284 spe-

76 3309 183 3360 etutnru
205 3308 303 3362 vestem
327 3307 442 3350 mutuum
466 3298 573 3369 sumsit,
596 3298 704 3351 tibicine
722 3316 795 3352 usum
814 3317 870 3353 esse
887 3305 983 3355 servat
1016 3304 1105 3358 Paullo
1124 3313 1183 3376 post

75 3404 104 3442 v.
126 3389 185 3442 154.
205 3388 293 3440 endem
311 3381 331 3437 δ
347 3385 423 3448 ξείνα
440 3392 565 3446 venetum
590 3401 652 3450 eruo
669 3387 798 3452 oorrigere
815 3388 879 3439 libet
894 3385 944 3442 σᾶς
959 3393 1078 3458 Σαμίας.

149 3478 532 3552 10)*ΕροξιδαΐδαςΤ6οορ6.
553 3483 596 3536 IV.
619 3487 678 3540 110.
697 3503 742 3553 pro
760 3503 810 3553 quo
825 3486 1014 3544 Valckenarius
1030 3486 1181 3558 Ἐρσξιλσΐ-

76 3567 127 3626 δας
144 3570 297 3630 substituit,
317 3584 366 3618 non
385 3568 489 3620 aliunde
507 3570 621 3622 derivari
638 3580 723 3638 potest
741 3573 791 3623 nisi
808 3573 840 3624 ub
853 3568 1018 3639 Ἐροξίδαιος
1034 3578 1090 3629 sive
1103 3573 1180 3641 Ἐρα-

77 3653 202 3721 ξιδοιῒος,
228 3664 259 3707 ut
274 3649 406 3723 Ἀριδαῖος
425 3653 560 3716 ΡΙσῐοναλι.
577 3656 608 3708 de
624 3658 700 3709 Alex.
719 3657 752 3710 V.
773 3659 817 3716 61.
839 3660 873 3718 oi.
894 3661 1041 3714 Schneider.
1061 3664 1093 3712 ed
1109 3662 1177 3715 Plut.

78 3745 138 3797 Civ.
155 3740 188 3793 Τ.
202 3740 243 3793 111.
259 3741 320 3803 217.
341 3736 506 3809 θρασσδαῖος
521 3740 597 3805 I’iud,
614 3742 643 3794 P.
658 3743 706 3807 XI.
720 3745 765 3800 21.
784 3747 850 3812 quod
867 3747 893 3798 iu
908 3748 1000 3806 Libnn.
1013 3749 1083 3799 Deol.
1101 3747 1132 3798 Τ.
1146 3747 1179 3805 11.

78 3847 104 3898 p.
118 3829 181 3886 226.
202 3829 248 3878 hoe
262 3830 334 3880 modo
350 3828 394 3879 sed
411 3844 435 3894 p.
452 3825 514 3883 22⁷.
529 3828 588 3888 239.
609 3827 787 3906 ΘρασᾶδσιοςἸ
806 3847 846 3900 up.
862 3833 970 3898 Herodo.
985 3832 1031 3895 IX.
1046 3835 1095 3886 58..
1109 3835 1184 3900 Θρα·

79 3908 188 3985 σοδήϊος
204 3921 232 3966 et
250 3911 401 3983 Θρασῦδηος
418 3914 556 3976 scribitur,
576 3930 622 3965 neo
640 3925 737 3967 eertum
756 3915 903 3973 Μονεδαῖος
920 3919 1035 3987 Thucyd.
1056 3916 1098 3968 lII.
1120 3918 1178 3971 160.

78 3996 228 4056 Κλεόδαιος
244 3999 315 4051 eodd.
330 4000 404 4054 Diod.
417 4000 462 4053 IV.
477 4002 519 4054 31.
539 4016 572 4051 ex
588 4018 637 4067 quo
652 4010 811 4055 ooutrnetum
826 4013 866 4055 est
877 4002 996 4058 Κλοόδας
1008 4003 1091 4054 Sehol.
1105 4003 1179 4057 Piud.

80 4087 169 4142 latim.
179 4085 235 4141 VII.
247 4087 289 4142 18.
302 4102 351 4141 uon
360 4083 492 4158 Κλεάδας,
510 4087 1179 4157 utvulsolseribitnrdolitndtdun·X11.31.eto.

1029 4422 1176 4460 A
1239 4450 1246 4459 .
