2506 4492
251 205 308 269 na
335 204 524 273 acmen.
554 182 767 273 ιιιιιοοιι.
797 208 832 272 c.
854 207 878 272 1.
908 210 936 293 ς.
957 208 989 273 a.
1116 203 1200 279 mo

71 399 165 455 vetus
196 385 411 471 paraphrastes·
439 387 586 470 prodidit,
630 384 764 474 δαίμων
794 410 846 463 τις
876 386 1009 479 ῖσχνρὸς
1039 387 1184 477 ὀνόματι
1231 428 1234 436 ν

72 488 256 578 Κραταώς,
280 488 398 574 Scyllae
420 500 558 565 matrem,
582 501 615 553 ut
634 492 764 568 videtur,
789 493 892 555 eodem
910 493 1068 559 devenisse
1086 506 1182 573 ratus,

72 617 133 678 quo
156 592 310 658 Centauri
326 591 509 678 Scyllaeque
529 592 678 677 biformes
699 605 730 657 et
752 597 1015 680 centumgeminus
1031 596 1185 662 Briareus

72 719 113 761 ac
141 697 245 760 bellae
271 694 414 772 Lernae,
446 688 627 780 Gorgones,
657 694 880 783 Harpyiaeque
906 733 947 746 —-
979 699 1031 761 sed
1064 698 1119 763 hoo
1148 702 1184 765 ab

74 799 154 863 Orco
183 798 335 862 homerico
363 797 506 861 alienum.
552 797 631 862 Idem
661 810 789 875 nomm,-
826 799 878 862 sed
906 800 1075 883 appellativi
1103 802 1211 879 loco‚'

72 901 190 985 accepit
218 900 384 984 Hesychius
413 896 581 985 Κρώταιις
610 906 958 986 προπαροξντσνεῑται
986 901 1025 968 τὸ
1054 895 1183 991 adpone,

72 1003 112 1070 τώ
135 1002 172 1070 δὲ
193 996 453 1088 περισπώμενόν
468 1008 512 1085 ¹⁴)
535 1007 626 1069 ἐστιν
648 1003 704 1069 ἐπὶ
724 1005 787 1070 τοὺ
805 999 962 1090 Σισύφου
982 1010 1182 1094 προςηγορι-

72 1099 152 1187 τόν,
176 1107 419 1189 quemadmodum
442 1106 578 1169 nonnulli
600 1127 655 1190 pro
677 1105 761 1191 ιιαλή
782 1119 866 1181 παῖς
887 1108 945 1171 dici
967 1130 1053 1192 posse
1077 1109 1183 1173 existi·

72 1218 194 1274 morunt
214 1207 402 1282 καλλίπαις.
434 1209 490 1273 Sed
511 1220 543 1273 et
560 1209 616 1272 hoc
635 1230 653 1272 a
670 1207 853 1273 Graecorum
874 1211 1088 1276 consuetudine
1104 1213 1183 1277 alie-

71 1334 164 1386 num,
189 1332 224 1374 ac
246 1311 272 1375 si
294 1311 336 1374 ita
358 1312 521 1388 diceretur,
544 1308 696 1397 αραταίις
718 1311 904 1374 scribendum
928 1313 1009 1377 foret
1030 1326 1064 1378 ut
1084 1316 1184 1381 aolo-

71 1409 203 1504 βόρῥις.
234 1413 348 1496 ltaque,
374 1414 540 1496 ubicunque
559 1416 719 1499 vestigium
738 1414 886 1497 ponimus,
909 1413 1026 1479 salebra
1044 1428 1102 1493 est,
1126 1438 1183 1482 nec

71 1539 142 1603 spes
165 1516 322 1592 evadendi,
347 1516 405 1583 nisi
428 1514 654 1583 sollertissimus
673 1516 824 1601 Odysseae
847 1517 996 1600 interpres
1018 1519 1180 1602 adjumenti

59 1619 185 1705 ‚aliquid
206 1618 503 1717 subministraveritp
537 1619 681 1702 Equidem
703 1617 758 1681 hoo
780 1618 876 1681 solum
898 1603 1182 1695 addam=¹”Auarri

71 1721 296 1807 ἐστερημένος
317 1715 496 1805 ιλννώμοος
520 1720 622 1785 Schol.
646 1721 720 1806 Lyc.
745 1718 819 1784 359.
852 1732 883 1785 et
908 1722 986 1806 νῆὶς
1006 1719 1025 1786 ὅ
1046 1727 1182 1810 ἐστερη-

69 1825 178 1913 μένος
200 1821 378 1909 δονώμεος
398 1820 422 1909 ἢ
442 1822 461 1889 ὁ
482 1821 597 1899 οἶττλώς
619 1821 841 1909 ἐστερημένος
859 1822 1043 1908 Moschupul.
1068 1825 1100 1888 in
1118 1827 1181 1891 llit·

69 1926 179 1992 schelii
200 1927 298 1990 Praei.
323 1926 429 1989 Thom.
454 1946 484 2011 p.
510 1926 681 1994 CXXXVI.
712 1925 810 2011 νηΐιλα
833 1925 907 2011 (sic)
929 1920 1062 2012 οἷσθενη
1091 1926 1176 1992 Phot.

71 2029 158 2115 quasi
179 2029 215 2092 ab
238 2030 341 2093 eodem
362 2029 484 2093 nomine
505 2030 535 2103 ἴς
557 2029 763 2113 compositum.
799 2028 930 2109 Quorum
953 2032 1036 2113 prius
1057 2041 1181 2095 auctore

71 2143 170 2208 caret,
192 2131 333 2208 altorum,
358 2133 426 2216 quia
447 2131 539 2196 aliter
556 2131 723 2197 declinatur
743 2143 832 2216 atque
854 2133 896 2212 ἴς,
917 2132 1031 2197 rectius
1052 2153 1071 2197 a
1088 2134 1181 2198 verbo

70 2235 162 2303 εἷσαι
184 2235 343 2317 repetitur.

142 2336 361 2422 disyllaborum
383 2357 469 2400 casus
491 2336 652 2401 inferiores
673 2333 935 2425 χαλκογλώχινος
955 2335 1074 2424 μελίης
1091 2320 1178 2402 Horu.

70 2431 290 2528 πνριγλώχινι
306 2436 423 2529 κεραίη
441 2438 542 2503 Noun.
562 2439 586 2503 l.
605 2438 680 2504 295.
704 2432 937 2525 πολογλώχινα
956 2439 1093 2524 κεραίην
1109 2440 1177 2505 Nic.

70 2544 129 2608 Th.
154 2539 207 2605 36.
241 2538 449 2631 τριγλώχινες
479 2541 585 2605 Galen.
617 2541 652 2603 de
677 2540 815 2624 Hippocr.
841 2541 939 2623 dogm.
964 2538 1015 2602 Vl.
1040 2537 1079 2613 6,
1103 2538 1177 2604 548.

70 2647 108 2710 Τ.
126 2645 166 2708 V.
191 2646 227 2708 dc
245 2644 331 2707 Adm.
351 2649 442 2707 Anat.
460 2642 525 2706 Vll.
544 2640 578 2720 9,
600 2640 673 2706 196.
698 2641 734 2704 Τ.
752 2640 789 2703 11.
814 2641 944 2726 ambigui
966 2651 1047 2704 sunt.
1083 2639 1180 2706 Choe-

69 2751 215 2814 robosous
236 2747 350 2811 Anecd.
373 2769 404 2831 p.
430 2745 524 2809 1414.
556 2737 731 2837 τριγλώχιν
752 2744 946 2831 πλατυτέρα
968 2743 1060 2817 ἐστὶν
1086 2740 1110 2830 η’
1131 2746 1178 2819 εἰς

71 2839 307 2935 σίιατώληξις,
337 2848 551 2934 οιτανιοιτέρα
573 2845 652 2933 aldai
680 2851 726 2925 εἷς
749 2834 789 2926 ν,
820 2843 863 2920 aia
884 2844 977 2932 παραὶ
1001 2845 1177 2937 Σιμωνίδη

69 2947 247 3043 τριγλώχιν
274 2945 401 3031 ὀϊστός,
432 2952 488 3018 καλ
512 2946 605 3036 παρολ
627 2941 836 3041 Καλλιμάχῳ
861 2944 1036 3036 τριγλώχιν
1060 2949 1177 3032 νῆσος,

71 3059 151 3143 quod
172 3066 203 3120 et
223 3056 299 3139 apud
317 3052 504 3138 Apollonium
526 3054 649 3138 legitur,
672 3052 846 3140 τριγλώχιν
867 3052 976 3115 vitiose
998 3070 1045 3133 ap.
1067 3049 1177 3114 Suidan

71 3183 98 3225 s.
116 3159 149 3222 h.
166 3180 197 3222 v.
223 3169 254 3222 et
274 3157 519 3244 ταννγλσχῑνες
535 3156 628 3218 Anth.
646 3155 679 3218 P.
696 3153 762 3218 Vll.
782 3175 813 3216 n.
830 3152 906 3216 443.
930 3153 1006 3236 quod
1023 3152 1178 3219 Jacobsius

72 3261 229 3336 correxit,
259 3259 499 3348 ποριγλοχῑνες
522 3257 644 3342 Oppian.
671 3257 748 3343 Cyn.
764 3255 810 3325 ,ll.
836 3254 909 3319 146.
935 3253 996 3340 τῆς
1018 3252 1178 3330 adurimur

70 3364 196 3429 Maxim.
226 3384 258 3425 v.
284 3360 357 3426 529.
390 3363 442 3424 sed
469 3356 586 3443 saepius
614 3369 887 3444 proparoxytonum
915 3368 961 3421 est
988 3356 1106 3423 Aelian.
1137 3359 1174 3422 H.

70 3466 152 3529 Anu.
172 3462 257 3527 Xlll.
283 3462 313 3526 5.
338 3463 438 3526 Noun.
458 3461 542 3524 Xlll.
568 3458 642 3525 187.
667 3473 726 3524 eto.
750 3471 784 3523 ut
804 3456 1023 3546 αἰτσιρώιλινος
1043 3458 1172 3523 XXVll.

71 3566 147 3631 110.
172 3561 501 3652 oipaocoidmocdnth.
520 3563 604 3626 Plan.
621 3561 660 3626 N.
678 3561 754 3628 221.
775 3562 807 3624 Ρ.
827 3559 1064 3646 Silent.Ecpl1r.
1084 3560 1172 3644 Soph.
1198 3638 1201 3647 Ι

69 3669 125 3735 65.
150 3661 361 3755 βαρσώδινος
382 3665 482 3730 Νοοιι.
506 3664 591 3728 XVl.
615 3663 669 3730 74.
707 3665 813 3728 Suidae
834 3664 986 3728 adnotatio
1006 3658 1173 3733 Λεατώδι-

69 3796 130 3847 νος
153 3765 216 3837 οὐκ
236 3775 328 3838 ἔστιν
350 3767 473 3836 εὐθεῖα
492 3763 576 3836 ώλλώ
596 3759 726 3856 γενική,
757 3787 813 3829 nos
836 3767 964 3831 traducit
978 3767 1027 3866 ⁴ad
1048 3763 1172 3826 alteram

140 4015 183 4080 14)
201 4001 471 4085 Προτερισαώμενον
486 4009 595 4076 corrigit
613 4006 786 4074 Goottlingius
803 4009 834 4061 do
850 4009 953 4060 Amant.
973 4021 997 4071 p·
1013 4002 1073 4060 2⁷1.
1093 4001 1170 4070 idque

68 4102 101 4153 ad
117 4093 233 4170 κραταῖ’
250 4098 274 4154 l'e
291 4096 381 4150 refert.
