2506 4492
217 196 275 264 on
294 192 484 266 acinco.
508 190 721 264 inuento.
751 191 787 264 c.
807 192 872 265 ιιι.
893 201 924 286 a.
945 199 998 268 ιο.
1093 202 1166 274 aaa

58 386 94 444 et
113 375 211 445 multo
230 377 350 464 saepius
370 376 518 464 adjectiva
538 373 773 468 αῖοχρόγιλος,
798 377 1024 471 lyapolpelca,
1044 377 1168 474 ἤδόγο-

59 482 139 562 λος,
160 478 370 569 octodecimo,
391 476 590 569 dplpe'yolocc,
613 476 915 572 φιλοπουλόγιλως,
940 506 1015 570 quaa
1037 487 1166 572 plenum·

59 605 122 670 qne
147 580 181 649 in
208 583 360 648 declinata
389 592 549 661 crescunt3
589 586 641 648 sed
669 583 838 669 ambiguum
866 597 913 651 est
938 587 1049 653 Athen.
1079 588 1164 654 Xlll.

60 684 138 752 591.
163 686 200 751 G.
237 684 374 776 Φρύνην
395 684 667 774 ἐπικαλουμένην
688 686 951 776 τλαυοιγόλυτοι,
974 691 1168 776 adjectivum·

60 806 101 852 ne
122 788 224 853 sitan
246 789 476 854 substantivum.
519 789 564 854 Ac
584 810 639 874 pno
661 784 841 879 φιλόγελως
867 790 976 856 dicitnr
997 793 1086 857 etiam
1108 816 1169 882 φι-

59 889 244 979 λογέλοιος,
267 892 343 975 qnod
366 912 461 976 genus
484 891 706 976 compositionis
728 912 818 978 supra
838 892 1011 979 attigimns3
1034 896 1087 961 scd
1104 921 1167 964 mc·

58 986 198 1083 λόνελος
219 1012 330 1059 vereor
354 1014 393 1058 ne
421 992 522 1057 lictum
546 993 586 1056 sit
612 992 904 1080 achiccgnaphis3
938 1017 1035 1082 neque
1056 998 1089 1062 in
1111 1019 1168 1062 nu-

59 1114 177 1160 merum
200 1097 351 1161 admittam
374 1090 556 1185 φιλόγελοι,
579 1096 656 1181 quod
678 1096 737 1159 duc
758 1098 841 1160 codd.
865 1099 992 1164 Aristct.
1014 1099 1101 1164 thet.
1124 1099 1163 1165 11.

58 1197 116 1263 13.
141 1220 171 1284 p.
197 1197 296 1280 1399,
318 1199 373 1266 22.
403 1220 457 1285 pro
479 1197 681 1286 ‹pcloyc'lococ
702 1199 863 1282 praebent3
898 1222 956 1284 quo
977 1202 1043 1266 loco
1067 1202 1168 1288 sequi·

58 1306 113 1366 tun
138 1306 278 1366 neutrum
305 1303 414 1366 tertiae
439 1300 648 1365 declinationis
674 1298 834 1368 ἐναντίον
860 1299 899 1368 τό
924 1299 1099 1393 ὀδυρτικόν
1120 1304 1168 1395 τῷ

59 1402 268 1492 φιλονέλυτι.
317 1405 345 1468 Α
372 1402 523 1467 femininis
553 1402 670 1467 dedexa
700 1404 757 1467 duo
790 1424 866 1491 quae
897 1405 1019 1469 alienam
1051 1406 1195 1472 haleca!

57 1506 171 1594 Δηοῦς
198 1502 389 1593 adpetitam
415 1504 516 1569 Noun.
546 1503 599 1569 IV.
624 1503 699 1570 499.
730 1504 796 1570 Vll.
827 1504 880 1571 82.
913 1507 1063 1571 XXXIX.
1089 1507 1164 1574 139.

57 1611 129 1674 Pan.
152 1607 209 1673 Xl.
237 1606 310 1672 106.
341 1608 469 1671 alterum
491 1607 710 1671 substantivum
732 1600 922 1697 Μιργοῖβοιρ
950 1605 989 1675 co*
1013 1604 1168 1697 λυκόφοος

58 1709 191 1798 Hesych.
223 1733 280 1795 qno
307 1708 493 1794 apiiucipio
521 1709 668 1794 adjectiva
692 1711 860 1800 προςεῲος
889 1724 921 1776 et
940 1708 1086 1798 όπηοῖος
1114 1713 1168 1776 du·

58 1824 179 1878 cnntnn.
228 1812 281 1907 llis
307 1813 334 1876 si
355 1811 494 1875 addidero
516 1811 668 1888 verbalia,
700 1833 824 1890 cursus,
855 1834 942 1898 quem
963 1813 1094 1899 ingrcssi
1116 1834 1167 1877 sn-

57 1937 144 1993 mus,
166 1927 305 2001 peractus
329 1914 399 1978 enit.
440 1912 579 1978 Plurimis
602 1925 701 1978 onum
723 1915 804 1979 dedit
824 1916 948 1980 verbum
969 1907 1166 2005 βιβριόσιιοι’

57 2015 204 2107 οἷλιβροός
225 2017 374 2106 Lycophn.
400 2014 475 2080 443.
505 2016 555 2079 ubi
583 2017 667 2080 codd.
694 2017 796 2102 optimi
825 2028 857 2082 et
882 2019 1003 2105 plunimi
1029 2010 1168 2107 οἶλιβρός
1195 2085 1198 2088 ,

58 2122 245 2188 substituunt
265 2132 299 2183 nt
315 2109 436 2207 ζοβρός
449 2120 510 2203 ²⁷),
531 2111 681 2205 νεογνός,
704 2129 736 2183 et
755 2119 830 2184 Eun.
848 2120 956 2185 Troad.
974 2118 1050 2186 436.
1075 2117 1168 2209 οἷμο-

56 2221 149 2314 βροός
165 2214 319 2306 Κόυλυψ
342 2221 426 2285 codd.
449 2215 625 2307 οἶμοβόρος
647 2232 679 2285 et
697 2218 864 2309 ω’μόβρος,
888 2245 1013 2307 quornm
1035 2227 1168 2290 omnium

57 2328 164 2393 eadem
188 2333 234 2388 est
256 2323 422 2400 connectioa
445 2320 507 2388 τόν
527 2316 664 2409 όβρότα
682 2323 766 2386 Paul.
783 2324 837 2386 Sil.
852 2322 907 2407 Ep.
923 2325 1033 2388 LXVl.
1054 2327 1165 2411 Agath.

56 2428 138 2496 llist.
162 2424 200 2490 ll.
225 2424 278 2489 31.
302 2442 331 2511 p.
356 2424 409 2489 71.
433 2425 471 2488 Α.
507 2417 721 2514 οἷνόροβριόσι
740 2438 929 2514 χαρμονυῖς
950 2427 1025 2489 Eur.
1054 2430 1167 2514 βαρυ-

55 2531 175 2622 βρώτοι
197 2522 322 2595 στόνον
342 2525 430 2612 Soph.
455 2523 647 2615 ἦμοβριότες
666 2526 778 2590 Athen.
799 2525 874 2593 292.
898 2526 933 2589 C.
958 2525 1024 2592 τοῦ
1042 2549 1167 2616 ιιρατο-

56 2634 189 2731 βροξτος
217 2643 249 2696 et
274 2629 337 2697 τοῦ
362 2626 597 2716 παιδοβρῶτος
622 2629 773 2716 Lycophr.
806 2629 908 2718 βοροὶ
933 2629 1166 2718 σορκοβροῐτις

56 2733 191 2802 Moschic
210 2730 466 2809 statuente,
487 2730 539 2796 38.
558 2755 587 2818 p.
605 2732 680 2799 242.
706 2733 753 2796 cni
772 2733 954 2797 simillimum
974 2733 1167 2823 οἰνοβροῖτοι

55 2831 167 2930 βορόν
184 2834 339 2916 Nicandri,
362 2833 407 2923 τῷ
430 2836 595 2923 νεοβριότι
616 2836 734 2920 saepius
754 2836 829 2920 apud
847 2835 1052 2921 Hippocratem
1072 2838 1166 2922 signi·

57 2941 198 3006 ductione
219 2938 319 3003 activa
338 2948 374 3002 ut
394 2934 535 3022 pleraque
556 2939 675 3002 illorum
698 2948 729 3002 et
748 2939 945 3027 χοιροβροῖτι
965 2936 1077 3024 δεσμῷ
1098 2938 1165 3002 Ste-

57 3040 170 3110 sichon.
194 3062 241 3126 ap.
265 3039 379 3104 Zenob.
403 3037 456 3103 Vl.
480 3037 533 3104 44.
564 3039 721 3125 (omissum
740 3048 762 3105 ‘a
782 3037 929 3125 lileinio).
974 3038 1073 3103 Unum
1094 3040 1164 3104 sul-

57 3140 183 3211 stautivi
201 3144 300 3208 locum
322 3140 449 3207 obtinuit
467 3143 624 3208 vermiculi
646 3163 767 3220 nomeu,
791 3142 868 3226 qnod
885 3136 1067 3231 τριχόβρυς
1089 3141 1164 3206 sori-

57 3248 139 3313 lituu
160 3245 246 3311 Phot.
271 3249 305 3313 ol
325 3237 543 3335 τριχόβρωτες
563 3246 660 3311 Arist.
683 3246 758 3310 dcl.
784 3243 879 3310 1079.
904 3242 1030 3325 (1111.)
1052 3243 1162 3309 vitioso

57 3348 234 3441 τρίχοβρος
256 3347 388 3433 Hesych.
413 3347 530 3433 saepius
551 3349 786 3438 τριχοβρότις,
811 3370 844 3412 v.
868 3345 967 3410 Sohol.
992 3356 1023 3409 et
1044 3345 1159 3410 Comm.

57 3454 93 3518 ad
111 3453 208 3517 Arist.
229 3450 250 3514 l.
270 3471 298 3514 ο.
333 3449 520 3514 Anadnomae
543 3452 764 3515 similitudinem
787 3451 896 3513 habent
915 3443 1081 3538 ἄβρωτος,
1103 3443 1164 3516 οἶν·

58 3549 260 3644 όρόβρυτος,
281 3545 532 3641 θριπόβρυτος,
553 3548 776 3640 λυκόβρωτος,
795 3546 1009 3639 ω’μόβροιτος,
1030 3571 1161 3637 proquo

58 3658 135 3744 apud
150 3656 281 3741 Hesyeh.
300 3677 327 3720 s.
341 3652 521 3743 Χάρυβδις
539 3655 616 3720 male
635 3648 831 3744 ω’μόβροτος
848 3655 960 3741 legitur
978 3665 1066 3739 atque
1084 3649 1161 3714 haud

56 3806 266 3827 m

124 3910 173 3980 21)
194 3870 235 3966 11
252 3908 338 3965 eodan
354 3912 434 3968 verbo
451 3912 615 3981 compositum
631 3913 737 3965 videtur
753 3910 903 3986 μολοβρόι,
927 3911 976 3963 nisi
994 3908 1103 3977 simplex
1119 3914 1160 3958 est

57 3999 200 4054 molantem
217 3998 382 4065 significans,
406 4000 550 4069 Hesychius
567 3997 692 4071 Μολορόο
709 3996 916 4070 (οἰο)1υιτηρόο,
933 3992 1029 4065 οἷηόὴο.
1054 3968 1109 4047 'cd
1127 3994 1158 4046 do

54 4077 161 4158 λάβροι
177 4092 281 4139 veteres
297 4085 354 4138 sina
371 4085 449 4141 dnbio
466 4094 565 4139 errant.

931 4177 1002 4243 tt*
1033 4225 1042 4237 .
