2506 4492
101 201 171 270 mo
300 146 313 165 '⁴
453 183 777 293 nrssnnnarro
806 194 854 265 ιι.

100 394 270 469 perstructa
299 378 422 472 Ἐρύιιη
435 381 496 466 ⁴⁶).
548 380 606 445 Sed
641 397 748 444 rursus
775 371 900 465 Noioui
926 391 958 445 et
987 372 1144 468 Ναρύκη
1162 363 1214 444 'in-

101 487 230 550 discreta
260 497 333 551 sunt
362 507 395 550 v.
419 483 607 568 Wesscling.
632 483 670 546 ad
691 482 778 546 Diod.
801 483 886 546 XIV.
910 480 963 549 82.
997 494 1034 546 ut
1061 474 1165 556 ’σικύς
1189 493 1214 546 ct

100 585 214 662 σικυός
228 589 304 651 Poll.
320 587 372 651 Vl.
390 586 443 652 46.
467 585 595 675 βλῆνος
619 597 650 650 et
666 578 792 673 βαλήν,
816 577 953 674 Πώγων
973 584 1131 669 Argolidis
1153 607 1213 670 por-

99 701 149 754 tus
172 702 203 754 et
217 691 376 775 Pogonus;
407 712 464 755 nec
486 691 596 753 scimus
622 687 768 774 Τροίζην
790 689 856 752 sive
883 678 1029 774 Τροιζήν
1052 687 1147 751 aliter
1163 685 1212 749 cici

100 815 186 878 quarn
213 792 396 880 Τροίζηνος
417 816 448 858 v.
468 792 569 856 Sebol.
594 790 629 854 ll.
653 793 696 859 B.
720 789 796 854 847.
821 792 873 855 sed
895 792 970 874 apud
984 790 1141 879 Romanos
1158 810 1212 852 me·

99 895 223 981 tropolis
238 896 377 960 Troezen
400 896 520 974 dicitur,
543 894 700 958 Troezene
722 893 840 957 colonia
852 915 882 958 v.
900 891 1071 957 Tzscbnck.
1094 893 1132 955 ad
1146 891 1209 956 blcl.

98 997 167 1062 Vol.
183 997 221 1061 ll.
246 997 280 1062 Ρ.
296 997 334 1061 ll.
359 996 435 1062 237.
480 997 634 1082 Ejusmodi
660 995 851 1080 quaestiones
874 1006 945 1059 sunl
964 994 1105 1058 infinitae
1128 1006 1160 1058 et
1170 993 1210 1056 in·

98 1101 311 1175 numerabiles,
335 1120 408 1183 quas
430 1099 457 1163 si
479 1101 545 1184 quis
562 1099 722 1163 solvendas
736 1098 916 1182 susceperit,
939 1095 1033 1161 laciet
1045 1098 1129 1183 quod
1142 1096 1210 1159 Tna-

97 1203 143 1266 les
165 1203 370 1286 interrogatus
392 1202 461 1286 quid
481 1203 554 1265 deus
571 1213 665 1278 esset,
688 1201 797 1267 iecisse
814 1201 943 1274 dicitur;
974 1200 1108 1284 primum
1126 1200 1208 1274 dien,

97 1314 160 1368 tum
183 1325 334 1380 mensem,
367 1315 428 1368 tum
459 1326 570 1368 annum
600 1305 657 1368 sibi
678 1304 715 1367 ad
737 1303 959 1367 deliberandum
982 1311 1102 1387 poscet.
1148 1300 1208 1366 Non

97 1407 197 1471 minus
218 1408 389 1491 ambiguum
414 1409 467 1471 sed
488 1409 588 1471 minus
610 1404 720 1490 ambigi
743 1406 877 1490 dignum,
900 1425 958 1488 qua
979 1404 1032 1469 via
1049 1424 1208 1492 paronyma

37 1569 39 1574 .
97 1509 151 1574 illa
172 1511 234 1572 sint
256 1521 340 1586 orta3
370 1521 470 1573 utrum
492 1521 527 1574 ut
547 1520 669 1573 veteres
692 1509 809 1584 volunt,
833 1529 851 1572 a
873 1508 965 1572 certis
987 1507 1207 1591 praeformatis·

98 1634 155 1698 que
172 1612 287 1676 casibus
304 1628 342 1675 an
357 1613 456 1697 potius
471 1635 489 1677 a
503 1613 596 1696 stirpe
615 1612 688 1697 ipsa.
734 1611 878 1696 Equidem
899 1610 943 1674 ita
964 1610 1040 1674 mibi
1062 1609 1206 1694 persuasi,

97 1716 279 1779 anadromen
301 1714 384 1778 illam
405 1717 442 1780 ad
465 1716 646 1780 servandum
668 1714 865 1778 scholasticae
880 1711 1056 1799 disciplinae
1077 1724 1208 1777 tenorem

95 1829 217 1904 perapte
236 1800 438 1902 excogitatam
451 1839 530 1897 esse,
555 1818 606 1880 sed
629 1817 743 1900 priscos
757 1813 1012 1892 nomenclatores,
1038 1835 1117 1899 quae
1134 1815 1207 1879 dicto

96 1942 170 2006 opus
193 1930 292 1996 crant,
317 1920 410 1984 libere
432 1932 520 2004 atque
542 1921 609 1984 sine
631 1919 829 2003 proplasmate
852 1919 990 1982 linxisse.
1031 1917 1118 1999 Adeo
1135 1918 1207 1983 enim

98 2043 188 2086 cerea
209 2033 256 2085 est
273 2021 485 2085 vocabulorum
500 2034 620 2098 natura,
643 2033 677 2086 ut
698 2022 730 2085 in
752 2023 816 2105 ipso
838 2021 1026 2105 loquentium
1049 2042 1106 2084 ore
1125 2021 1207 2085 aliter

40 2152 51 2181 ι
96 2134 185 2207 atque
214 2123 304 2187 aliter
330 2124 511 2210 figurentur.
563 2126 665 2210 Etym.
690 2125 731 2188 Μ.
755 2146 784 2208 p.
805 2122 887 2199 231,
910 2121 943 2186 8.
976 2112 1128 2211 Γηριιῶν
1155 2119 1207 2188 καὶ

95 2222 182 2292 cocci
211 2222 461 2313 μιταπλασμόν
482 2223 677 2314 Γηρυονεύς
699 2227 753 2311 (ut
780 2221 906 2312 Ὀφίων
933 2220 1128 2312 Ὀφιονεύς)
1155 2225 1207 2291 col

95 2323 288 2415 Γηρυόνης·
312 2325 330 2394 ὁ
352 2329 387 2396 bt
399 2326 607 2417 Ἡρωδιανὸς
631 2329 716 2419 λέγει
739 2329 777 2396 τὸ
801 2320 946 2416 Γηρυῶν
969 2324 1040 2396 α’πό
1061 2328 1128 2395 τοῦ
1140 2329 1173 2396 Γ
1168 2352 1206 2414 η·

95 2429 219 2520 ρυόνης
241 2432 329 2500 εἶναι
350 2432 435 2501 uacat
459 2426 652 2519 α’ποκοπήιι.
690 2433 834 2497 Similiter
850 2421 1047 2506 Καππάδοξ
1065 2435 1204 2500 etKoro·

95 2528 244 2624 παδόκης
259 2559 290 2601 v.
305 2537 474 2602 Tzschuclr.
498 2540 535 2603 ad
552 2538 649 2602 Strab.
667 2535 737 2599 ΧΠ.
758 2558 787 2620 p.
807 2532 838 2597 6.
856 2534 962 2597 Jacobs
976 2534 1013 2597 ad
1027 2532 1124 2598 Antb.
1145 2534 1203 2597 Pal.

96 2661 127 2724 p.
145 2640 220 2704 415.
246 2641 295 2704 cui
317 2640 483 2722 Stephanus
511 2636 678 2715 Τεκτόσαξ
701 2649 733 2702 et
759 2627 972 2724 Teneoociypc
995 2629 1204 2726 (utAc'yoooi·

96 2765 158 2830 γης
178 2763 209 2806 v.
230 2741 473 2825 Schweigbaues
498 2743 534 2804 orl
557 2742 661 2826 Polyb.
685 2740 724 2805 V.
741 2739 795 2816 77,
819 2737 868 2820 3.)
892 2739 1055 2823 componit,
1089 2740 1205 2824 Satraps

98 2855 130 2908 ot
151 2843 311 2927 Satrapes,
341 2851 375 2904 ut
396 2837 477 2930 ῥώξ,
505 2864 613 2926 rupes,
644 2853 674 2907 et
695 2843 823 2905 fortasse
847 2844 927 2906 trabs
951 2864 969 2906 a
990 2836 1123 2930 τράφηξ
1144 2843 1204 2907 sive
1241 2870 1249 2905 ι,

96 2942 239 3034 epicope,
261 2944 318 3007 hoc
339 2965 357 3007 a
377 2935 508 3030 τράφω,
532 2947 610 3009 unde
632 2939 756 3031 τάρφη,
786 2945 816 3007 id
838 2956 885 3008 est
906 2944 1052 3033 plloococ'
1074 2945 1202 3032 Hesych.

98 3060 131 3114 et
143 3047 319 3131 interposita
333 3046 396 3119 alia
406 3046 502 3111 vocali
516 3043 657 3134 ὕσπληξ,
679 3043 854 3134 ὑσπληγίς,
875 3040 1018 3135 poppa&
1031 3048 1100 3113 sive
1113 3044 1204 3134 πάμπ

98 3153 181 3240 fici,
201 3147 378 3237 βαμβακίς
408 3150 491 3213 Suid.
515 3146 663 3226 πάλλαξ,
687 3149 866 3225 παλλακίς,
896 3152 1001 3233 quibus
1025 3172 1116 3215 nemo
1137 3172 1205 3215 ana-

99 3256 220 3319 dromae
242 3274 352 3316 nomen
373 3252 539 3337 applicabit.
585 3252 742 3337 Nihiloque
765 3254 950 3336 exploratior
973 3254 1095 3319 videtur
1115 3264 1204 3318 meta·

98 3355 205 3440 plasmi
227 3366 414 3439 praetextus,
439 3357 523 3440 cnjus
547 3377 637 3442 quum
652 3356 769 3439 saepius
786 3356 883 3418 habita
898 3357 939 3420 sit
951 3356 1080 3438 mentio,
1105 3376 1205 3422 causas

100 3469 132 3522 et
154 3479 266 3544 genera
286 3458 386 3542 paullo
407 3459 575 3522 accuratius
597 3458 749 3542 inquirere
771 3459 954 3524 annitamur.

727 3640 731 3652 .
1246 3576 1249 3723 i

169 3732 215 3800 tt)
231 3733 373 3784 Discrimen
395 3733 522 3786 nominum
540 3722 633 3802 ὅμφαξ
651 3740 677 3784 et
695 3728 805 3803 ὀμφάκη
830 3732 855 3785 in
874 3730 978 3785 Lexicis
1002 3731 1130 3787 traditum
1147 3730 1202 3784 niti·
1247 3726 1249 3809 l

99 3829 145 3872 tm·
161 3837 212 3870 nno
229 3820 387 3872 Dioscoridis
403 3821 470 3885 loeo,
493 3837 543 3888 qno
562 3836 629 3871 nunc
646 3836 692 3887 pro
708 3816 817 3889 ὄμφᾰκη
835 3828 956 3872 revocata
973 3829 1015 3873 cst
1031 3824 1126 3875 Aldina
1142 3820 1202 3871 scri·
1247 3822 1249 3833 '

99 3915 176 3974 ptura
192 3899 296 3978 ὅμφαξ.
