2506 4492
240 180 298 247 ou
326 180 516 247 nornen.
540 180 749 248 tnnomn.
779 182 816 249 c.
837 182 899 250 111.
923 136 952 270 s.
971 181 1005 270 s,
1091 132 1180 254 'mo

68 357 215 452 γενείοις
234 361 360 426 Nicond.
383 362 440 427 Tb.
464 362 518 428 53.
562 362 658 448 Super
678 363 752 428 baec
773 363 940 428 adnotanda
961 366 1178 450 osteorreptio

68 467 196 530 ultimae
216 461 334 543 νωδός,
356 475 389 528 et
407 466 569 530 anadrome
590 466 716 550 genitivi
737 462 844 553 γέρον
864 459 1065 547 οἷνόδοντος,
1087 468 1178 532 tertio

70 569 248 635 femininum
270 564 463 640 νενοδοντίς
489 569 525 631 ad
552 568 776 633 similitudinem
798 569 956 634 masculini
982 570 1015 633 in
1037 556 1086 638 ιον
1108 591 1179 634 con·

59 674 232 749 ,formatum
260 680 295 734 ut
317 664 500 755 δερόποιν,
527 668 749 754 δεραποντός.
792 670 859 735 Non
887 671 985 735 minus
1013 694 1099 756 quam
1126 672 1180 736 illc

70 772 178 859 generi
201 783 309 837 neutro
331 782 399 858 apta
420 783 492 836 sunt
511 774 657 858 adjectIva
678 767 800 848 οποός
819 774 980 857 composita
998 771 1180 841 πολύπουν

69 876 169 965 γένος
190 875 266 938 Plat.
285 875 361 937 Tim.
380 897 408 959 p.
426 874 479 938 34.
496 876 534 939 Α.
559 873 598 941 τό
620 869 736 943 ἄπουν
751 878 847 941 Arist.
867 876 904 939 H.
923 878 1004 939 Anu.
1023 875 1076 939 Ill.
1095 875 1127 952 1,
1145 875 1177 940 1.

70 975 111 1046 τό
135 976 290 1045 εἰλίπουν
317 977 401 1062 Hipp.
428 979 465 1041 de
486 976 600 1040 Articc.
627 999 656 1062 p.
682 977 756 1043 146.
783 980 818 1041 Τ.
844 977 895 1042 lll.
926 976 966 1045 τό
987 973 1180 1065 τοτρόπουν

70 1081 195 1147 callim.
220 1079 271 1142 Fr.
294 1077 347 1143 87.
374 1075 412 1145 τό
434 1069 652 1165 οἷργυρόπουν
672 1080 784 1144 Athen.
809 1080 848 1144 V.
872 1081 948 1149 212.
972 1081 1007 1146 B.
1051 1081 1180 1146 PlurnIIs

70 1181 193 1249 numeri
212 1182 325 1246 formae
346 1183 502 1266 ambiguae
524 1191 613 1257 sunt,
640 1182 736 1267 ,ινὴλα
756 1181 958 1250 ταναύποδα
979 1184 1119 1260 Homeri,
1148 1193 1181 1247 ot

70 1304 215 1372 persaepe
244 1284 313 1346 alibi
345 1280 388 1350 τοὶ
420 1278 551 1365 οἵποδα,
584 1282 725 1365 δι’ποδα,
757 1283 959 1373 τετράποδα.
1003 1286 1069 1350 Etsi
1099 1286 1180 1351 enim

70 1388 194 1454 uomina
216 1387 365 1450 secundae
387 1385 597 1451 declinationis
619 1387 805 1470 potissimum
831 1389 866 1452 de
888 1408 1030 1453 mensura
1051 1388 1108 1452 dici
1130 1401 1184 1453 sni

69 1491 137 1556 lent
163 1511 195 1554 v.
219 1488 256 1552 ad
279 1487 392 1573 Pbrpn.
423 1508 453 1571 p.
478 1485 552 1551 546.
584 1488 654 1551 coll.
676 1488 795 1554 Jacobs.
826 1491 862 1554 sd
889 1490 983 1554 Antb.
1007 1490 1071 1554 Pal.
1100 1487 1177 1561 679.

69 1592 203 1657 Ellendt.
233 1590 270 1653 ad
292 1589 414 1654 Arrian.
441 1588 477 1653 Τ.
501 1588 540 1652 II.
564 1587 639 1654 359.
671 1590 765 1653 uibilo
792 1592 891 1656 secius
919 1613 973 1676 pro
1002 1584 1096 1673 ζόοις
1120 1616 1181 1658 το-

69 1689 275 1780 τραπόδεοσι
294 1691 427 1756 Manetb.
450 1690 503 1756 Vl.
527 1690 603 1755 415.
627 1692 774 1756 Diodorus
797 1692 834 1757 ll.
858 1694 912 1758 42.
942 1695 1062 1780 scripsit
1084 1688 1179 1775 ζόοις

69 1789 300 1884 τετραπόδοις,
321 1793 447 1858 Nonnns
463 1792 520 1856 XI.
537 1791 614 1858 486.
637 1786 856 1863 όολλοπόδοιο
873 1796 1007 1883 τοκῆος,
1029 1797 1089 1860 nisi
1106 1791 1181 1863 cisit-

70 1893 220 1969 λοπόδαο
241 1892 332 1973 de'dit,
353 1908 388 1962 ut
404 1897 550 1961 Hesiodus
568 1891 768 1978 Οἰδιπόδαο,
789 1899 944 1983 variatque
963 1899 1112 1983 scriptura
1126 1897 1180 1962 Al·

72 2003 169 2088 cipbr.
191 2000 242 2064 llI.
266 2000 322 2085 Ep.
346 1997 400 2065 27.
426 1998 477 2064 ubi
498 1991 680 2086 tospdmodoc
701 2013 853 2085 receptum
876 2012 923 2065 est
943 2023 998 2086 pro
1019 1991 1180 2087 ἑτορόπο-

70 2105 144 2185 δον,
167 2115 199 2168 et
216 2102 345 2166 nominis
363 2103 453 2186 topici
475 2099 642 2188 Τρίποδος
660 2113 692 2167 et
711 2103 876 2192 Τρίποδοι
891 2105 989 2167 Strab.
1004 2102 1085 2167 Vlll.
1101 2101 1177 2167 391.

70 2209 270 2289 Quamobrem
288 2204 488 2288 superlativus
506 2198 791 2281 πολυποδιότατος
806 2207 915 2282 Tzetn.
933 2205 1010 2270 ubit.
1027 2205 1084 2270 IX.
1101 2203 1177 2272 911.

70 2311 242 2393 ambiguum
265 2317 329 2381 est,
354 2306 416 2369 utri
438 2305 629 2369 declinationi
651 2306 847 2390 assignandus
869 2309 921 2371 sit.
966 2308 1000 2372 In
1023 2318 1180 2391 utramque

70 2424 187 2500 partem
210 2408 316 2473 Graeci
338 2407 505 2493 protoclitis
526 2408 571 2471 nti
593 2407 710 2473 solent=
744 2402 953 2490 ἑπταπόδνς,
979 2404 1180 2494 όιιταπόδης,

69 2507 248 2604 τριπόδης,
272 2506 496 2596 αἐλλοπῗόδης,
523 2502 741 2597 δεροιπόδης,
766 2503 1004 2598 γυμνοπόδης,
1025 2525 1180 2597 ψαυιιρο·

70 2611 195 2703 πόδης.
217 2635 288 2700 prae
310 2614 414 2696 quibus
436 2613 583 2676 Homerus
605 2609 787 2702 οἷρνίπονς,
808 2607 1006 2689 οἷελλόπονς,
1028 2608 1180 2685 εἰλίπους

72 2734 130 2787 etc.
155 2721 254 2783 dicere
276 2726 374 2791 amat,
400 2725 431 2778 et
451 2716 483 2778 in
505 2716 641 2780 absoluto
664 2738 734 2780 casu
755 2714 890 2803 τρίπος,
912 2710 1091 2790 οἷολλόπος,
1116 2709 1180 2801 α’ρ·

70 2823 186 2905 τόπος,
218 2840 291 2904 quae
319 2802 507 2903 paroxytona
535 2829 606 2882 sunt
632 2830 666 2882 ut
688 2818 881 2883 Grammatici
908 2820 1116 2902 praescribunt
1142 2819 1179 2882 ad

71 2926 108 2989 ll.
133 2924 188 2987 IX.
215 2920 289 2987 595.
321 2941 447 3005 eumque
474 2932 631 2985 accentum
659 2921 769 2985 babent
796 2915 963 3006 τετρόπος
988 2920 1084 2982 brat:
1100 2918 1176 2983 214.

70 3027 204 3092 Macrob.
229 3026 264 3088 de
285 3023 390 3087 Differ.
410 3021 500 3085 Verb.
523 3045 552 3106 p.
572 3020 646 3088 726.
669 3014 840 3110 τοτρόπον
857 3023 996 3105 Aenigm.
1013 3020 1085 3083 XV.
1100 3017 1177 3085 321.

72 3130 108 3191 Τ.
127 3126 179 3190 111.
198 3127 299 3190 Anall.
323 3116 486 3199 οἲολλόπος
502 3124 603 3188 Noun.
620 3123 690 3189 Xll.
708 3124 762 3189 54.
784 3123 899 3187 XXIV.
919 3121 993 3188 135.
1016 3121 1177 3188 XXXVII.

73 3229 147 3295 159.
168 3227 400 3294 1119111247.
423 3219 589 3314 μικρόπος
610 3228 717 3291 Tzetz.
737 3226 840 3291 Postb.
860 3223 934 3290 372.
961 3222 1107 3300 Οἰδίπος
1125 3225 1180 3290 Al-

73 3333 138 3397 caei
159 3333 251 3395 Mess.
276 3331 331 3415 Ep.
355 3328 442 3394 XXI.
467 3328 541 3394 492.
567 3330 603 3393 Τ.
628 3328 652 3392 Ι.
677 3349 773 3412 neque
794 3327 827 3390 iu
849 3326 1048 3410 simplicibus,
1073 3329 1180 3412 quibus

72 3434 170 3498 Dones
186 3433 248 3496 iota
263 3433 452 3510 subtrabunt,
468 3429 591 3521 χαρίες,
607 3423 756 3510 Μαλόες,
772 3430 895 3515 τιμῆεν
909 3431 1023 3511 Anecd.
1039 3453 1069 3515 p.
1081 3427 1177 3496 1187.

73 3536 219 3601 detractio
246 3536 352 3598 literae
379 3533 467 3597 affert
491 3533 685 3597 mutationem
711 3542 864 3597 accentus.
911 3532 968 3596 Sed
994 3554 1182 3618 propuroxy·

73 3650 145 3703 tona
163 3633 326 3712 οἱέλλοπος
340 3637 442 3702 Νοοο.
458 3633 600 3698 XXVlll.
617 3632 692 3700 288.
713 3634 834 3716 (vitiose
853 3629 1016 3710 οἷολλοπός
1030 3634 1177 3698 XXXIV.

72 3739 149 3808 269.
181 3749 214 3801 et
234 3740 374 3825 Parapbr.
398 3735 454 3803 XI.
477 3735 549 3819 97.)
580 3732 731 3823 οόραπος
751 3736 880 3802 Alcaeus
902 3738 1022 3824 Fragm.
1046 3734 1098 3801 Vl.
1124 3733 1176 3799 16.

74 3836 211 3914 ιόκυπος
232 3841 264 3903 iu
286 3843 389 3906 ultimo
413 3860 505 3905 versu
523 3839 633 3924 Hymni
654 3839 686 3901 iu
704 3838 802 3922 Apoll.
826 3861 855 3924 p.
875 3837 948 3904 518.
968 3841 1003 3902 Τ.
1021 3836 1059 3899 ll.
1076 3835 1176 3900 Auall.

68 3940 217 4033 γόρτιπος
238 3943 347 4027 Agath.
367 3945 422 4028 Ep,
442 3943 530 4008 XXI.
554 3945 588 4012 4.
614 3953 647 4006 et
665 3940 729 4005 LV.
754 3939 786 4010 5.
810 3963 840 4027 p.
861 3940 915 4007 49.
939 3952 972 4005 et
992 3937 1045 4005 59.
1069 3937 1105 4004 Τ.
1124 3934 1176 4002 lIl.

74 4070 129 4135 pro
152 4067 209 4132 quo
231 4047 264 4112 iu
285 4045 378 4112 Anu.
395 4047 459 4111 Pal.
483 4055 704 4132 psrosytonum
724 4045 872 4113 successit
892 4065 924 4123 r.
941 4040 1059 4107 Jacobs.
1077 4040 1177 4107 Praei.
