<?xml version="1.0" encoding="UTF-8"?>
<!DOCTYPE html PUBLIC "-//W3C//DTD XHTML 1.0 Transitional//EN"
    "http://www.w3.org/TR/xhtml1/DTD/xhtml1-transitional.dtd">
<html xmlns="http://www.w3.org/1999/xhtml" xml:lang="en" lang="en">
 <head>
  <title>
</title>
<meta http-equiv="Content-Type" content="text/html;charset=utf-8" />
  <meta name='ocr-system' content='tesseract 3.04.00' />
  <meta name='ocr-capabilities' content='ocr_page ocr_carea ocr_par ocr_line ocrx_word'/>
</head>
<body>
  <div class='ocr_page' id='page_1' title='image "./paralipomenagra00lobegoog_0250.png"; bbox 0 0 2506 4492; ppageno 0'>
   <div class='ocr_carea' id='block_1_1' title="bbox 271 187 1195 282">
    <p class='ocr_par' dir='ltr' id='par_1_1' title="bbox 271 187 1195 282">
     <span class='ocr_line' id='line_1_1' title="bbox 271 187 1195 282; baseline 0.016 -29"><span class='ocrx_word' id='word_1_1' title='bbox 271 188 331 254; x_wconf 82' lang='lat' dir='ltr'><strong>DE</strong></span> <span class='ocrx_word' id='word_1_2' title='bbox 356 187 548 257; x_wconf 77' lang='lat' dir='ltr'><strong>aotucr.</strong></span> <span class='ocrx_word' id='word_1_3' title='bbox 578 188 790 261; x_wconf 77' lang='lat' dir='ltr'><strong>tnnottt.</strong></span> <span class='ocrx_word' id='word_1_4' title='bbox 816 194 853 261; x_wconf 82' lang='lat' dir='ltr'><strong>G.</strong></span> <span class='ocrx_word' id='word_1_5' title='bbox 874 195 912 262; x_wconf 95' lang='lat' dir='ltr'><strong>II.</strong></span> <span class='ocrx_word' id='word_1_6' title='bbox 936 197 964 282; x_wconf 62' lang='grc' dir='ltr'><strong>ᾖ.</strong></span> <span class='ocrx_word' id='word_1_7' title='bbox 987 199 1020 263; x_wconf 79' lang='lat'><strong>³.</strong></span> <span class='ocrx_word' id='word_1_8' title='bbox 1128 201 1195 270; x_wconf 71' lang='lat' dir='ltr'><strong>ru</strong></span> 
     </span>
    </p>
   </div>
   <div class='ocr_carea' id='block_1_2' title="bbox 92 365 1197 874">
    <p class='ocr_par' dir='ltr' id='par_1_2' title="bbox 92 365 1197 874">
     <span class='ocr_line' id='line_1_2' title="bbox 95 365 1196 465; baseline 0.014 -36"><span class='ocrx_word' id='word_1_9' title='bbox 95 365 174 452; x_wconf 76' lang='lat' dir='ltr'><strong>quod</strong></span> <span class='ocrx_word' id='word_1_10' title='bbox 196 377 229 431; x_wconf 80' lang='lat' dir='ltr'><strong>et</strong></span> <span class='ocrx_word' id='word_1_11' title='bbox 252 367 340 432; x_wconf 87' lang='lat' dir='ltr'><strong>lunae</strong></span> <span class='ocrx_word' id='word_1_12' title='bbox 363 370 506 434; x_wconf 81' lang='lat' dir='ltr'><strong>convenit</strong></span> <span class='ocrx_word' id='word_1_13' title='bbox 527 381 559 435; x_wconf 87' lang='lat' dir='ltr'><strong>et</strong></span> <span class='ocrx_word' id='word_1_14' title='bbox 580 370 768 457; x_wconf 82' lang='lat' dir='ltr'><strong>Leucippidi,</strong></span> <span class='ocrx_word' id='word_1_15' title='bbox 792 376 877 460; x_wconf 86' lang='lat' dir='ltr'><strong>eujus</strong></span> <span class='ocrx_word' id='word_1_16' title='bbox 898 398 987 441; x_wconf 89' lang='lat' dir='ltr'><strong>soror</strong></span> <span class='ocrx_word' id='word_1_17' title='bbox 1010 374 1121 465; x_wconf 69' lang='grc' dir='ltr'><strong><em>Φοίβη</em></strong></span> <span class='ocrx_word' id='word_1_18' title='bbox 1142 400 1196 444; x_wconf 90' lang='lat' dir='ltr'><strong>uo·</strong></span> 
     </span>
     <span class='ocr_line' id='line_1_3' title="bbox 93 469 1197 559; baseline 0.013 -27"><span class='ocrx_word' id='word_1_19' title='bbox 93 469 207 533; x_wconf 88' lang='lat' dir='ltr'><strong>minata</strong></span> <span class='ocrx_word' id='word_1_20' title='bbox 229 481 287 535; x_wconf 87' lang='lat' dir='ltr'><strong>est.</strong></span> <span class='ocrx_word' id='word_1_21' title='bbox 333 470 365 534; x_wconf 90' lang='lat' dir='ltr'><strong>Si</strong></span> <span class='ocrx_word' id='word_1_22' title='bbox 387 492 445 555; x_wconf 89' lang='lat' dir='ltr'><strong>qua</strong></span> <span class='ocrx_word' id='word_1_23' title='bbox 466 483 565 537; x_wconf 82' lang='lat' dir='ltr'><strong>tamen</strong></span> <span class='ocrx_word' id='word_1_24' title='bbox 589 481 637 538; x_wconf 86' lang='lat' dir='ltr'><strong>est</strong></span> <span class='ocrx_word' id='word_1_25' title='bbox 658 475 694 537; x_wconf 87' lang='lat' dir='ltr'><strong>de</strong></span> <span class='ocrx_word' id='word_1_26' title='bbox 716 475 893 559; x_wconf 74' lang='lat' dir='ltr'><strong>antiquitate</strong></span> <span class='ocrx_word' id='word_1_27' title='bbox 913 477 996 543; x_wconf 91' lang='lat' dir='ltr'><strong>illius</strong></span> <span class='ocrx_word' id='word_1_28' title='bbox 1017 481 1197 546; x_wconf 77' lang='lat' dir='ltr'><strong>substantivi</strong></span> 
     </span>
     <span class='ocr_line' id='line_1_4' title="bbox 93 570 1196 668; baseline 0.011 -33"><span class='ocrx_word' id='word_1_29' title='bbox 93 573 251 649; x_wconf 73' lang='lat' dir='ltr'><strong>dubitatio,</strong></span> <span class='ocrx_word' id='word_1_30' title='bbox 275 575 311 641; x_wconf 86' lang='lat' dir='ltr'><strong>ab</strong></span> <span class='ocrx_word' id='word_1_31' title='bbox 335 570 416 641; x_wconf 73' lang='grc' dir='ltr'><strong>ὶλιέω</strong></span> <span class='ocrx_word' id='word_1_32' title='bbox 439 574 580 640; x_wconf 82' lang='lat' dir='ltr'>liberiore</span> <span class='ocrx_word' id='word_1_33' title='bbox 602 577 726 659; x_wconf 68' lang='lat' dir='ltr'><strong>quadani</strong></span> <span class='ocrx_word' id='word_1_34' title='bbox 745 579 863 643; x_wconf 86' lang='lat' dir='ltr'><strong>rationo</strong></span> <span class='ocrx_word' id='word_1_35' title='bbox 881 575 1007 666; x_wconf 74' lang='grc' dir='ltr'><strong><em>ἱλάειρα</em></strong></span> <span class='ocrx_word' id='word_1_36' title='bbox 1020 583 1196 668; x_wconf 84' lang='lat' dir='ltr'><strong>productum</strong></span> 
     </span>
     <span class='ocr_line' id='line_1_5' title="bbox 92 673 1197 773; baseline 0.016 -37"><span class='ocrx_word' id='word_1_37' title='bbox 92 673 239 752; x_wconf 75' lang='lat' dir='ltr'><strong>disemus,</strong></span> <span class='ocrx_word' id='word_1_38' title='bbox 257 688 291 740; x_wconf 89' lang='lat' dir='ltr'><strong>ut</strong></span> <span class='ocrx_word' id='word_1_39' title='bbox 311 697 329 739; x_wconf 88' lang='lat' dir='ltr'><strong>a</strong></span> <span class='ocrx_word' id='word_1_40' title='bbox 349 677 535 763; x_wconf 81' lang='grc' dir='ltr'><strong><em>μέμφομαι</em></strong></span> <span class='ocrx_word' id='word_1_41' title='bbox 551 679 724 767; x_wconf 82' lang='grc' dir='ltr'><strong><em>μέμφειριι</em></strong></span> <span class='ocrx_word' id='word_1_42' title='bbox 742 676 922 768; x_wconf 77' lang='grc' dir='ltr'><strong><em>ἠμὲμψις,</em></strong></span> <span class='ocrx_word' id='word_1_43' title='bbox 938 704 957 746; x_wconf 84' lang='lat' dir='ltr'><strong>a</strong></span> <span class='ocrx_word' id='word_1_44' title='bbox 971 684 1197 773; x_wconf 76' lang='grc' dir='ltr'><strong><em>πρέσβαπρἑ·</em></strong></span> 
     </span>
     <span class='ocr_line' id='line_1_6' title="bbox 92 776 1193 874; baseline 0.012 -33"><span class='ocrx_word' id='word_1_45' title='bbox 92 779 223 863; x_wconf 77' lang='grc' dir='ltr'><strong><em>σβιιρα,</em></strong></span> <span class='ocrx_word' id='word_1_46' title='bbox 245 800 265 842; x_wconf 82' lang='lat' dir='ltr'><strong>a</strong></span> <span class='ocrx_word' id='word_1_47' title='bbox 286 776 376 845; x_wconf 77' lang='grc' dir='ltr'><strong><em>πιίετ</em></strong></span> <span class='ocrx_word' id='word_1_48' title='bbox 404 781 516 866; x_wconf 84' lang='grc' dir='ltr'><strong><em>(πῖαρ)</em></strong></span> <span class='ocrx_word' id='word_1_49' title='bbox 537 779 666 868; x_wconf 79' lang='grc' dir='ltr'><strong><em>πίειρα,</em></strong></span> <span class='ocrx_word' id='word_1_50' title='bbox 695 804 714 846; x_wconf 90' lang='lat' dir='ltr'><strong>a</strong></span> <span class='ocrx_word' id='word_1_51' title='bbox 740 782 860 850; x_wconf 77' lang='grc' dir='ltr'><strong><em>πέπων</em></strong></span> <span class='ocrx_word' id='word_1_52' title='bbox 887 784 1029 874; x_wconf 81' lang='grc' dir='ltr'><strong><em>πέπειροι</em></strong></span> <span class='ocrx_word' id='word_1_53' title='bbox 1048 788 1139 853; x_wconf 80' lang='lat' dir='ltr'><strong>Dran.</strong></span> <span class='ocrx_word' id='word_1_54' title='bbox 1162 811 1193 874; x_wconf 92' lang='lat' dir='ltr'><strong>p.</strong></span> 
     </span>
    </p>
   </div>
   <div class='ocr_carea' id='block_1_3' title="bbox 89 878 813 972">
    <p class='ocr_par' dir='ltr' id='par_1_3' title="bbox 89 878 813 972">
     <span class='ocr_line' id='line_1_7' title="bbox 89 878 813 972; baseline 0.006 -28"><span class='ocrx_word' id='word_1_55' title='bbox 89 878 146 960; x_wconf 89' lang='grc'><strong><em>70,</em></strong></span> <span class='ocrx_word' id='word_1_56' title='bbox 167 879 223 946; x_wconf 85' lang='grc'><strong>20.</strong></span> <span class='ocrx_word' id='word_1_57' title='bbox 246 902 265 945; x_wconf 86' lang='lat' dir='ltr'><strong>a</strong></span> <span class='ocrx_word' id='word_1_58' title='bbox 277 878 399 968; x_wconf 73' lang='grc' dir='ltr'>μάσσω</span> <span class='ocrx_word' id='word_1_59' title='bbox 420 879 581 972; x_wconf 69' lang='grc' dir='ltr'><strong><em>μάγειρος</em></strong></span> <span class='ocrx_word' id='word_1_60' title='bbox 599 887 716 970; x_wconf 81' lang='lat' dir='ltr'><strong>pistor.</strong></span> <span class='ocrx_word' id='word_1_61' title='bbox 808 962 813 969; x_wconf 25' lang='grc' dir='ltr'>Ι</span> 
     </span>
    </p>
   </div>
   <div class='ocr_carea' id='block_1_4' title="bbox 601 1071 688 1155">
    <p class='ocr_par' dir='ltr' id='par_1_4' title="bbox 601 1071 688 1155">
     <span class='ocr_line' id='line_1_8' title="bbox 601 1071 688 1155; baseline 0.011 -19"><span class='ocrx_word' id='word_1_62' title='bbox 601 1072 630 1155; x_wconf 73' lang='lat' dir='ltr'><strong>p.</strong></span> <span class='ocrx_word' id='word_1_63' title='bbox 655 1071 688 1137; x_wconf 82' lang='lat' dir='ltr'><strong>a.</strong></span> 
     </span>
    </p>
   </div>
   <div class='ocr_carea' id='block_1_5' title="bbox 57 1176 1195 3638">
    <p class='ocr_par' dir='ltr' id='par_1_5' title="bbox 68 1176 1195 1668">
     <span class='ocr_line' id='line_1_9' title="bbox 176 1176 1195 1317; baseline 0.011 -65"><span class='ocrx_word' id='word_1_64' title='bbox 176 1187 373 1275; x_wconf 78' lang='lat' dir='ltr'><strong>Arcadiusp.</strong></span> <span class='ocrx_word' id='word_1_65' title='bbox 398 1188 461 1265; x_wconf 90' lang='grc'><strong>20,</strong></span> <span class='ocrx_word' id='word_1_66' title='bbox 484 1187 518 1255; x_wconf 90' lang='grc'><strong>7.</strong></span> <span class='ocrx_word' id='word_1_67' title='bbox 541 1189 583 1257; x_wconf 70' lang='lat' dir='ltr'><strong>uu*</strong></span> <span class='ocrx_word' id='word_1_68' title='bbox 609 1195 657 1266; x_wconf 76' lang='grc' dir='ltr'><strong>εἰς</strong></span> <span class='ocrx_word' id='word_1_69' title='bbox 683 1218 726 1280; x_wconf 88' lang='grc' dir='ltr'><strong>ηρ</strong></span> <span class='ocrx_word' id='word_1_70' title='bbox 680 1176 897 1317; x_wconf 73' lang='grc' dir='ltr'><strong><em>όξύτοηιι</em></strong></span> <span class='ocrx_word' id='word_1_71' title='bbox 917 1188 1195 1282; x_wconf 72' lang='lat' dir='ltr'><strong>poiduuoruu&#39;</strong></span> <span class='ocrx_word' id='word_1_72' title='bbox 1155 1218 1195 1264; x_wconf 84' lang='grc' dir='ltr'><strong>το</strong></span> 
     </span>
     <span class='ocr_line' id='line_1_10' title="bbox 57 1284 1195 1389; baseline 0.006 -30.165"><span class='ocrx_word' id='word_1_73' title='bbox 57 1317 111 1379; x_wconf 90' lang='grc' dir='ltr'><strong><em>η</em></strong></span> <span class='ocrx_word' id='word_1_74' title='bbox 134 1315 221 1360; x_wconf 78' lang='grc' dir='ltr'><strong><em>κατα</em></strong></span> <span class='ocrx_word' id='word_1_75' title='bbox 237 1290 308 1378; x_wconf 79' lang='grc' dir='ltr'><strong>την</strong></span> <span class='ocrx_word' id='word_1_76' title='bbox 326 1289 464 1379; x_wconf 65' lang='lat' dir='ltr'><strong>perturpe</strong></span> <span class='ocrx_word' id='word_1_77' title='bbox 491 1284 653 1379; x_wconf 68' lang='grc' dir='ltr'><strong><em>φυλάττει</em></strong></span> <span class='ocrx_word' id='word_1_78' title='bbox 672 1296 729 1363; x_wconf 74' lang='grc' dir='ltr'><strong>καὶ</strong></span> <span class='ocrx_word' id='word_1_79' title='bbox 751 1292 812 1363; x_wconf 79' lang='grc' dir='ltr'><strong>τόν</strong></span> <span class='ocrx_word' id='word_1_80' title='bbox 830 1293 933 1363; x_wconf 76' lang='grc' dir='ltr'><strong><em>τόνον</em></strong></span> <span class='ocrx_word' id='word_1_81' title='bbox 951 1302 1044 1389; x_wconf 74' lang='grc' dir='ltr'><strong><em>ἔντη</em></strong></span> <span class='ocrx_word' id='word_1_82' title='bbox 1030 1298 1195 1381; x_wconf 53' lang='lat' dir='ltr'><strong>ufforde}</strong></span> 
     </span>
     <span class='ocr_line' id='line_1_11' title="bbox 88 1388 1193 1489; baseline 0.008 -28"><span class='ocrx_word' id='word_1_83' title='bbox 88 1420 154 1472; x_wconf 85' lang='grc' dir='ltr'><strong><em>σει,</em></strong></span> <span class='ocrx_word' id='word_1_84' title='bbox 176 1391 422 1482; x_wconf 76' lang='grc' dir='ltr'><strong><em>εἶμαλλοδετήρ,</em></strong></span> <span class='ocrx_word' id='word_1_85' title='bbox 447 1388 694 1485; x_wconf 76' lang='grc' dir='ltr'><strong><em>ὀβολοστατῆρ·</em></strong></span> <span class='ocrx_word' id='word_1_86' title='bbox 720 1394 760 1464; x_wconf 85' lang='grc' dir='ltr'>τὸ</span> <span class='ocrx_word' id='word_1_87' title='bbox 779 1397 901 1485; x_wconf 75' lang='grc' dir='ltr'><strong><em>μέντοι</em></strong></span> <span class='ocrx_word' id='word_1_88' title='bbox 917 1394 1022 1487; x_wconf 80' lang='grc' dir='ltr'><strong><em>εἷτήρ,</em></strong></span> <span class='ocrx_word' id='word_1_89' title='bbox 1045 1395 1193 1489; x_wconf 59' lang='lat' dir='ltr'><strong>&amp;antiope</strong></span> 
     </span>
     <span class='ocr_line' id='line_1_12' title="bbox 68 1488 1195 1668; baseline 0.008 -106"><span class='ocrx_word' id='word_1_90' title='bbox 68 1499 177 1668; x_wconf 43' lang='grc' dir='ltr'><strong>ῃ),</strong></span> <span class='ocrx_word' id='word_1_91' title='bbox 166 1495 297 1584; x_wconf 69' lang='grc' dir='ltr'><strong><em>,διιηρ</em></strong></span> <span class='ocrx_word' id='word_1_92' title='bbox 320 1488 509 1585; x_wconf 69' lang='grc' dir='ltr'><strong><em>πολυδιῖηρ,</em></strong></span> <span class='ocrx_word' id='word_1_93' title='bbox 532 1496 657 1586; x_wconf 74' lang='grc' dir='ltr'><strong><em>πατήρ,</em></strong></span> <span class='ocrx_word' id='word_1_94' title='bbox 680 1496 892 1589; x_wconf 76' lang='grc' dir='ltr'><strong><em>αἰνοπεὶτηρ,</em></strong></span> <span class='ocrx_word' id='word_1_95' title='bbox 915 1499 959 1576; x_wconf 72' lang='lat' dir='ltr'><strong>oie</strong></span> <span class='ocrx_word' id='word_1_96' title='bbox 985 1502 1036 1589; x_wconf 75' lang='grc' dir='ltr'><strong>μη</strong></span> <span class='ocrx_word' id='word_1_97' title='bbox 1063 1500 1195 1591; x_wconf 75' lang='grc' dir='ltr'><strong><em>φυλάτ-</em></strong></span> 
     </span>
    </p>

    <p class='ocr_par' dir='ltr' id='par_1_6' title="bbox 79 1597 1193 3638">
     <span class='ocr_line' id='line_1_13' title="bbox 108 1597 1193 1690; baseline 0.004 -21.08"><span class='ocrx_word' id='word_1_98' title='bbox 108 1625 194 1669; x_wconf 78' lang='grc' dir='ltr'><strong><em>οττα</em></strong></span> <span class='ocrx_word' id='word_1_99' title='bbox 211 1597 447 1689; x_wconf 57' lang='lat' dir='ltr'><strong>propomam,</strong></span> <span class='ocrx_word' id='word_1_100' title='bbox 471 1602 576 1685; x_wconf 87' lang='lat' dir='ltr'><strong>quibus</strong></span> <span class='ocrx_word' id='word_1_101' title='bbox 598 1604 733 1689; x_wconf 82' lang='lat' dir='ltr'><strong>adjungit</strong></span> <span class='ocrx_word' id='word_1_102' title='bbox 753 1602 857 1690; x_wconf 80' lang='grc' dir='ltr'><strong><em>ἐριηρ,</em></strong></span> <span class='ocrx_word' id='word_1_103' title='bbox 881 1601 1024 1690; x_wconf 73' lang='grc' dir='ltr'><strong><em>πάνθηρ</em></strong></span> <span class='ocrx_word' id='word_1_104' title='bbox 1043 1617 1074 1670; x_wconf 84' lang='lat' dir='ltr'><strong>et</strong></span> <span class='ocrx_word' id='word_1_105' title='bbox 1088 1630 1193 1674; x_wconf 80' lang='grc' dir='ltr'><strong><em>σατιι-</em></strong></span> 
     </span>
     <span class='ocr_line' id='line_1_14' title="bbox 85 1698 1190 1792; baseline 0.004 -21"><span class='ocrx_word' id='word_1_106' title='bbox 85 1698 209 1792; x_wconf 84' lang='grc' dir='ltr'><strong><em>ρόφηρ.</em></strong></span> <span class='ocrx_word' id='word_1_107' title='bbox 254 1705 312 1768; x_wconf 90' lang='lat' dir='ltr'><strong>Pro</strong></span> <span class='ocrx_word' id='word_1_108' title='bbox 341 1704 393 1767; x_wconf 93' lang='lat' dir='ltr'><strong>illo</strong></span> <span class='ocrx_word' id='word_1_109' title='bbox 420 1699 564 1792; x_wconf 74' lang='grc' dir='ltr'><strong><em>πατθήρ</em></strong></span> <span class='ocrx_word' id='word_1_110' title='bbox 594 1706 703 1768; x_wconf 86' lang='lat' dir='ltr'><strong>editum</strong></span> <span class='ocrx_word' id='word_1_111' title='bbox 734 1707 860 1770; x_wconf 85' lang='lat' dir='ltr'><strong>Aristot.</strong></span> <span class='ocrx_word' id='word_1_112' title='bbox 892 1706 930 1770; x_wconf 92' lang='lat' dir='ltr'><strong>H.</strong></span> <span class='ocrx_word' id='word_1_113' title='bbox 953 1707 1035 1773; x_wconf 77' lang='lat' dir='ltr'><strong>Anu.</strong></span> <span class='ocrx_word' id='word_1_114' title='bbox 1059 1709 1112 1774; x_wconf 91' lang='lat' dir='ltr'><strong>VI.</strong></span> <span class='ocrx_word' id='word_1_115' title='bbox 1136 1710 1190 1775; x_wconf 82' lang='lat'><strong>35.</strong></span> 
     </span>
     <span class='ocr_line' id='line_1_15' title="bbox 84 1805 1192 1898; baseline 0.005 -26"><span class='ocrx_word' id='word_1_116' title='bbox 84 1832 116 1893; x_wconf 95' lang='lat' dir='ltr'><strong>p.</strong></span> <span class='ocrx_word' id='word_1_117' title='bbox 144 1805 223 1882; x_wconf 84' lang='lat'><strong>580,</strong></span> <span class='ocrx_word' id='word_1_118' title='bbox 253 1805 307 1872; x_wconf 80' lang='lat'><strong>25.</strong></span> <span class='ocrx_word' id='word_1_119' title='bbox 339 1807 389 1871; x_wconf 87' lang='lat' dir='ltr'><strong>uhi</strong></span> <span class='ocrx_word' id='word_1_120' title='bbox 412 1822 494 1870; x_wconf 82' lang='lat' dir='ltr'><strong>unus</strong></span> <span class='ocrx_word' id='word_1_121' title='bbox 524 1806 593 1871; x_wconf 85' lang='lat' dir='ltr'><strong>Vat.</strong></span> <span class='ocrx_word' id='word_1_122' title='bbox 624 1819 846 1893; x_wconf 78' lang='lat' dir='ltr'><strong>perexptonum</strong></span> <span class='ocrx_word' id='word_1_123' title='bbox 882 1807 1006 1873; x_wconf 79' lang='lat' dir='ltr'><strong>exhibet</strong></span> <span class='ocrx_word' id='word_1_124' title='bbox 1040 1822 1074 1874; x_wconf 92' lang='lat' dir='ltr'><strong>ut</strong></span> <span class='ocrx_word' id='word_1_125' title='bbox 1100 1813 1192 1898; x_wconf 84' lang='lat' dir='ltr'><strong>vulgo</strong></span> 
     </span>
     <span class='ocr_line' id='line_1_16' title="bbox 85 1899 1189 1995; baseline 0.002 -19"><span class='ocrx_word' id='word_1_126' title='bbox 85 1899 231 1976; x_wconf 83' lang='lat' dir='ltr'><strong>soribitur</strong></span> <span class='ocrx_word' id='word_1_127' title='bbox 252 1910 328 1995; x_wconf 87' lang='lat' dir='ltr'><strong>apud</strong></span> <span class='ocrx_word' id='word_1_128' title='bbox 348 1910 591 1993; x_wconf 76' lang='lat' dir='ltr'><strong>Xenophontem,</strong></span> <span class='ocrx_word' id='word_1_129' title='bbox 613 1910 813 1986; x_wconf 80' lang='lat' dir='ltr'><strong>Athenaeum,</strong></span> <span class='ocrx_word' id='word_1_130' title='bbox 836 1909 924 1975; x_wconf 84' lang='lat' dir='ltr'><strong>Diod.</strong></span> <span class='ocrx_word' id='word_1_131' title='bbox 948 1910 1000 1974; x_wconf 94' lang='lat' dir='ltr'><strong>III.</strong></span> <span class='ocrx_word' id='word_1_132' title='bbox 1025 1912 1078 1976; x_wconf 81' lang='lat'><strong>34.</strong></span> <span class='ocrx_word' id='word_1_133' title='bbox 1098 1914 1189 1978; x_wconf 90' lang='lat' dir='ltr'><strong>Dion.</strong></span> 
     </span>
     <span class='ocr_line' id='line_1_17' title="bbox 86 2005 1188 2101; baseline 0.003 -24"><span class='ocrx_word' id='word_1_134' title='bbox 86 2014 175 2078; x_wconf 89' lang='lat' dir='ltr'><strong>Cass.</strong></span> <span class='ocrx_word' id='word_1_135' title='bbox 206 2010 346 2075; x_wconf 88' lang='lat' dir='ltr'><strong>LXXVI.</strong></span> <span class='ocrx_word' id='word_1_136' title='bbox 374 2011 403 2075; x_wconf 87' lang='lat'><strong>1.</strong></span> <span class='ocrx_word' id='word_1_137' title='bbox 437 2012 512 2076; x_wconf 90' lang='lat' dir='ltr'><strong>Poll.</strong></span> <span class='ocrx_word' id='word_1_138' title='bbox 540 2012 578 2076; x_wconf 91' lang='lat' dir='ltr'><strong>V.</strong></span> <span class='ocrx_word' id='word_1_139' title='bbox 613 2011 666 2076; x_wconf 85' lang='lat'><strong>88.</strong></span> <span class='ocrx_word' id='word_1_140' title='bbox 697 2005 957 2099; x_wconf 73' lang='grc' dir='ltr'><strong><em>λυτοπιέτθηρες</em></strong></span> <span class='ocrx_word' id='word_1_141' title='bbox 985 2015 1086 2101; x_wconf 83' lang='lat' dir='ltr'><strong>Etym.</strong></span> <span class='ocrx_word' id='word_1_142' title='bbox 1111 2014 1188 2080; x_wconf 85' lang='lat' dir='ltr'><strong>(iud.</strong></span> 
     </span>
     <span class='ocr_line' id='line_1_18' title="bbox 83 2107 1191 2203; baseline 0.004 -24"><span class='ocrx_word' id='word_1_143' title='bbox 83 2140 116 2203; x_wconf 96' lang='lat' dir='ltr'><strong>p.</strong></span> <span class='ocrx_word' id='word_1_144' title='bbox 127 2112 204 2191; x_wconf 84' lang='grc'><strong>208,</strong></span> <span class='ocrx_word' id='word_1_145' title='bbox 220 2114 252 2179; x_wconf 87' lang='grc'><strong>3.</strong></span> <span class='ocrx_word' id='word_1_146' title='bbox 278 2113 347 2180; x_wconf 78' lang='grc' dir='ltr'><strong>τῶν</strong></span> <span class='ocrx_word' id='word_1_147' title='bbox 357 2107 639 2201; x_wconf 67' lang='grc' dir='ltr'><strong>Ιλιιιιοπιιτθήριιιτι</strong></span> <span class='ocrx_word' id='word_1_148' title='bbox 653 2117 739 2180; x_wconf 84' lang='lat' dir='ltr'><strong>Eust.</strong></span> <span class='ocrx_word' id='word_1_149' title='bbox 748 2139 777 2200; x_wconf 87' lang='lat' dir='ltr'><strong>p.</strong></span> <span class='ocrx_word' id='word_1_150' title='bbox 788 2114 929 2191; x_wconf 78' lang='lat' dir='ltr'><strong>856,5I.</strong></span> <span class='ocrx_word' id='word_1_151' title='bbox 954 2116 1059 2199; x_wconf 87' lang='lat' dir='ltr'><strong>hisque</strong></span> <span class='ocrx_word' id='word_1_152' title='bbox 1081 2139 1191 2183; x_wconf 83' lang='lat' dir='ltr'><strong>eonve-</strong></span> 
     </span>
     <span class='ocr_line' id='line_1_19' title="bbox 84 2213 1188 2303; baseline 0.002 -20"><span class='ocrx_word' id='word_1_153' title='bbox 84 2221 176 2283; x_wconf 87' lang='lat' dir='ltr'><strong>uiunt</strong></span> <span class='ocrx_word' id='word_1_154' title='bbox 196 2216 312 2300; x_wconf 87' lang='lat' dir='ltr'><strong>reliqua</strong></span> <span class='ocrx_word' id='word_1_155' title='bbox 339 2213 474 2303; x_wconf 69' lang='grc' dir='ltr'><strong><em>ἡμίθηρ</em></strong></span> <span class='ocrx_word' id='word_1_156' title='bbox 505 2219 640 2302; x_wconf 81' lang='lat' dir='ltr'><strong>ApoIIod.</strong></span> <span class='ocrx_word' id='word_1_157' title='bbox 665 2218 690 2281; x_wconf 96' lang='lat' dir='ltr'><strong>I.</strong></span> <span class='ocrx_word' id='word_1_158' title='bbox 713 2216 747 2294; x_wconf 83' lang='lat' dir='ltr'><strong>o,</strong></span> <span class='ocrx_word' id='word_1_159' title='bbox 770 2217 802 2281; x_wconf 86' lang='lat'><strong>3.</strong></span> <span class='ocrx_word' id='word_1_160' title='bbox 835 2219 977 2290; x_wconf 87' lang='lat' dir='ltr'><strong>Philostr.</strong></span> <span class='ocrx_word' id='word_1_161' title='bbox 1008 2219 1080 2284; x_wconf 90' lang='lat' dir='ltr'><strong>Jun.</strong></span> <span class='ocrx_word' id='word_1_162' title='bbox 1104 2220 1188 2285; x_wconf 90' lang='lat' dir='ltr'><strong>Ioon.</strong></span> 
     </span>
     <span class='ocr_line' id='line_1_20' title="bbox 83 2317 1188 2406; baseline 0.001 -21"><span class='ocrx_word' id='word_1_163' title='bbox 83 2320 138 2386; x_wconf 86' lang='lat' dir='ltr'><strong>IV.</strong></span> <span class='ocrx_word' id='word_1_164' title='bbox 158 2317 234 2384; x_wconf 83' lang='lat'><strong>863.</strong></span> <span class='ocrx_word' id='word_1_165' title='bbox 259 2320 337 2383; x_wconf 82' lang='lat' dir='ltr'><strong>unde</strong></span> <span class='ocrx_word' id='word_1_166' title='bbox 358 2319 577 2404; x_wconf 80' lang='lat' dir='ltr'><strong>Lexioogruphi</strong></span> <span class='ocrx_word' id='word_1_167' title='bbox 600 2319 695 2383; x_wconf 81' lang='lat' dir='ltr'><strong>nostri</strong></span> <span class='ocrx_word' id='word_1_168' title='bbox 717 2320 837 2384; x_wconf 86' lang='lat' dir='ltr'><strong>ineante</strong></span> <span class='ocrx_word' id='word_1_169' title='bbox 857 2317 992 2406; x_wconf 76' lang='grc' dir='ltr'><strong><em>ἦμιθῆρ</em></strong></span> <span class='ocrx_word' id='word_1_170' title='bbox 1005 2324 1188 2404; x_wconf 88' lang='lat' dir='ltr'><strong>retulerunt,</strong></span> 
     </span>
     <span class='ocr_line' id='line_1_21' title="bbox 82 2418 1186 2513; baseline -0.003 -21"><span class='ocrx_word' id='word_1_171' title='bbox 82 2418 243 2513; x_wconf 73' lang='grc' dir='ltr'><strong><em>μιξόθηρ,</em></strong></span> <span class='ocrx_word' id='word_1_172' title='bbox 258 2419 429 2512; x_wconf 75' lang='grc' dir='ltr'><strong><em>ὀλεσίθηρ,</em></strong></span> <span class='ocrx_word' id='word_1_173' title='bbox 444 2423 523 2506; x_wconf 84' lang='lat' dir='ltr'><strong>quod</strong></span> <span class='ocrx_word' id='word_1_174' title='bbox 533 2419 748 2484; x_wconf 82' lang='lat' dir='ltr'><strong>Valckenarius</strong></span> <span class='ocrx_word' id='word_1_175' title='bbox 762 2421 894 2504; x_wconf 77' lang='lat' dir='ltr'><strong>Euripidi</strong></span> <span class='ocrx_word' id='word_1_176' title='bbox 906 2423 1039 2485; x_wconf 89' lang='lat' dir='ltr'><strong>restituit</strong></span> <span class='ocrx_word' id='word_1_177' title='bbox 1051 2424 1186 2489; x_wconf 86' lang='lat' dir='ltr'><strong>Phoenu.</strong></span> 
     </span>
     <span class='ocr_line' id='line_1_22' title="bbox 82 2521 1188 2611; baseline -0.005 -17"><span class='ocrx_word' id='word_1_178' title='bbox 82 2526 161 2594; x_wconf 84' lang='grc'><strong>680.</strong></span> <span class='ocrx_word' id='word_1_179' title='bbox 193 2522 403 2611; x_wconf 77' lang='grc' dir='ltr'><strong><em>α’νὸροφῆρες</em></strong></span> <span class='ocrx_word' id='word_1_180' title='bbox 431 2526 482 2590; x_wconf 86' lang='lat' dir='ltr'><strong>aIii</strong></span> <span class='ocrx_word' id='word_1_181' title='bbox 502 2523 686 2609; x_wconf 84' lang='lat' dir='ltr'><strong>-Hesyohio,</strong></span> <span class='ocrx_word' id='word_1_182' title='bbox 724 2542 766 2584; x_wconf 78' lang='lat' dir='ltr'><strong>ex</strong></span> <span class='ocrx_word' id='word_1_183' title='bbox 793 2521 964 2604; x_wconf 86' lang='lat' dir='ltr'><strong>aequalibus</strong></span> <span class='ocrx_word' id='word_1_184' title='bbox 994 2526 1188 2607; x_wconf 82' lang='lat' dir='ltr'><strong>compositum</strong></span> 
     </span>
     <span class='ocr_line' id='line_1_23' title="bbox 81 2622 1188 2713; baseline -0.005 -17"><span class='ocrx_word' id='word_1_185' title='bbox 81 2642 124 2695; x_wconf 84' lang='lat' dir='ltr'><strong>ut·</strong></span> <span class='ocrx_word' id='word_1_186' title='bbox 139 2625 411 2713; x_wconf 79' lang='grc' dir='ltr'><strong><em>λυκοπιένθηρες,</em></strong></span> <span class='ocrx_word' id='word_1_187' title='bbox 430 2627 598 2710; x_wconf 87' lang='lat' dir='ltr'><strong>eodemque</strong></span> <span class='ocrx_word' id='word_1_188' title='bbox 611 2634 748 2688; x_wconf 85' lang='lat' dir='ltr'><strong>aooeutu.</strong></span> <span class='ocrx_word' id='word_1_189' title='bbox 794 2622 883 2686; x_wconf 84' lang='lat' dir='ltr'><strong>Plura</strong></span> <span class='ocrx_word' id='word_1_190' title='bbox 908 2625 1055 2688; x_wconf 86' lang='lat' dir='ltr'><strong>secundae</strong></span> <span class='ocrx_word' id='word_1_191' title='bbox 1080 2625 1188 2690; x_wconf 83' lang='lat' dir='ltr'><strong>adhae-</strong></span> 
     </span>
     <span class='ocr_line' id='line_1_24' title="bbox 82 2716 1184 2816; baseline -0.011 -16"><span class='ocrx_word' id='word_1_192' title='bbox 82 2745 191 2800; x_wconf 83' lang='lat' dir='ltr'><strong>serunt</strong></span> <span class='ocrx_word' id='word_1_193' title='bbox 206 2716 403 2795; x_wconf 69' lang='lat' dir='ltr'><strong>&#39;declinationi</strong></span> <span class='ocrx_word' id='word_1_194' title='bbox 426 2723 575 2816; x_wconf 77' lang='grc' dir='ltr'><strong><em>εὔθηρος</em></strong></span> <span class='ocrx_word' id='word_1_195' title='bbox 594 2727 666 2813; x_wconf 79' lang='grc' dir='ltr'><strong>(καὶ</strong></span> <span class='ocrx_word' id='word_1_196' title='bbox 684 2719 838 2815; x_wconf 75' lang='grc' dir='ltr'><strong><em>εὕιχθτς)</em></strong></span> <span class='ocrx_word' id='word_1_197' title='bbox 860 2726 986 2790; x_wconf 85' lang='lat' dir='ltr'><strong>Aristid.</strong></span> <span class='ocrx_word' id='word_1_198' title='bbox 1002 2726 1088 2791; x_wconf 91' lang='lat' dir='ltr'><strong>XVII</strong></span> <span class='ocrx_word' id='word_1_199' title='bbox 1093 2725 1184 2793; x_wconf 79' lang='lat'><strong>.250.</strong></span> 
     </span>
     <span class='ocr_line' id='line_1_25' title="bbox 82 2820 1183 2927; baseline -0.009 -25"><span class='ocrx_word' id='word_1_200' title='bbox 82 2820 236 2927; x_wconf 74' lang='grc' dir='ltr'><strong><em>ἅθηρός,</em></strong></span> <span class='ocrx_word' id='word_1_201' title='bbox 262 2825 477 2925; x_wconf 71' lang='grc' dir='ltr'><strong><em>πολύθηρος,</em></strong></span> <span class='ocrx_word' id='word_1_202' title='bbox 510 2827 697 2919; x_wconf 73' lang='grc' dir='ltr'><strong><em>μιξόθηρος</em></strong></span> <span class='ocrx_word' id='word_1_203' title='bbox 723 2829 868 2893; x_wconf 83' lang='lat' dir='ltr'><strong>Themist.</strong></span> <span class='ocrx_word' id='word_1_204' title='bbox 899 2829 1014 2893; x_wconf 92' lang='lat' dir='ltr'><strong>XXIII.</strong></span> <span class='ocrx_word' id='word_1_205' title='bbox 1045 2827 1120 2894; x_wconf 92' lang='grc'><strong>284.</strong></span> <span class='ocrx_word' id='word_1_206' title='bbox 1145 2830 1183 2892; x_wconf 85' lang='grc' dir='ltr'><strong>Α.</strong></span> 
     </span>
     <span class='ocr_line' id='line_1_26' title="bbox 82 2920 1186 3026; baseline -0.012 -22"><span class='ocrx_word' id='word_1_207' title='bbox 82 2920 171 3026; x_wconf 75' lang='lat' dir='ltr'><strong>quam</strong></span> <span class='ocrx_word' id='word_1_208' title='bbox 187 2939 318 3000; x_wconf 69' lang='lat' dir='ltr'><strong>formam</strong></span> <span class='ocrx_word' id='word_1_209' title='bbox 350 2936 459 2999; x_wconf 80' lang='lat' dir='ltr'><strong>Pollux</strong></span> <span class='ocrx_word' id='word_1_210' title='bbox 480 2935 518 3001; x_wconf 92' lang='lat' dir='ltr'><strong>V.</strong></span> <span class='ocrx_word' id='word_1_211' title='bbox 544 2934 596 2998; x_wconf 82' lang='lat'><strong>13.</strong></span> <span class='ocrx_word' id='word_1_212' title='bbox 620 2933 749 2997; x_wconf 83' lang='lat' dir='ltr'><strong>orationi</strong></span> <span class='ocrx_word' id='word_1_213' title='bbox 775 2931 1088 2996; x_wconf 87' lang='lat' dir='ltr'><strong>convenientissimam</strong></span> <span class='ocrx_word' id='word_1_214' title='bbox 1105 2930 1186 3012; x_wconf 84' lang='lat' dir='ltr'><strong>judi·</strong></span> 
     </span>
     <span class='ocr_line' id='line_1_27' title="bbox 82 3028 1182 3124; baseline -0.013 -16"><span class='ocrx_word' id='word_1_215' title='bbox 82 3054 144 3108; x_wconf 83' lang='lat' dir='ltr'><strong>eat.</strong></span> <span class='ocrx_word' id='word_1_216' title='bbox 189 3040 266 3103; x_wconf 90' lang='lat' dir='ltr'><strong>Hiuo</strong></span> <span class='ocrx_word' id='word_1_217' title='bbox 287 3038 394 3122; x_wconf 87' lang='lat' dir='ltr'><strong>pendet</strong></span> <span class='ocrx_word' id='word_1_218' title='bbox 425 3046 564 3100; x_wconf 84' lang='lat' dir='ltr'><strong>neutrum</strong></span> <span class='ocrx_word' id='word_1_219' title='bbox 592 3033 631 3103; x_wconf 81' lang='grc' dir='ltr'><strong>τὸ</strong></span> <span class='ocrx_word' id='word_1_220' title='bbox 656 3028 793 3124; x_wconf 76' lang='grc' dir='ltr'><strong><em>ε’ἶθηριιν</em></strong></span> <span class='ocrx_word' id='word_1_221' title='bbox 821 3035 901 3098; x_wconf 84' lang='lat' dir='ltr'><strong>PIut.</strong></span> <span class='ocrx_word' id='word_1_222' title='bbox 925 3035 961 3097; x_wconf 86' lang='lat' dir='ltr'><strong>de</strong></span> <span class='ocrx_word' id='word_1_223' title='bbox 984 3031 1057 3095; x_wconf 91' lang='lat' dir='ltr'><strong>SoII.</strong></span> <span class='ocrx_word' id='word_1_224' title='bbox 1081 3031 1182 3094; x_wconf 84' lang='lat' dir='ltr'><strong>Auim.</strong></span> 
     </span>
     <span class='ocr_line' id='line_1_28' title="bbox 80 3129 1185 3224; baseline -0.009 -15"><span class='ocrx_word' id='word_1_225' title='bbox 80 3141 216 3208; x_wconf 87' lang='lat' dir='ltr'><strong>XXXII.</strong></span> <span class='ocrx_word' id='word_1_226' title='bbox 244 3139 318 3205; x_wconf 86' lang='grc'><strong>194.</strong></span> <span class='ocrx_word' id='word_1_227' title='bbox 346 3140 380 3202; x_wconf 91' lang='grc' dir='ltr'><strong>Τ.</strong></span> <span class='ocrx_word' id='word_1_228' title='bbox 403 3137 472 3201; x_wconf 92' lang='lat' dir='ltr'><strong>XII</strong></span> <span class='ocrx_word' id='word_1_229' title='bbox 497 3149 529 3202; x_wconf 86' lang='lat' dir='ltr'><strong>et</strong></span> <span class='ocrx_word' id='word_1_230' title='bbox 550 3140 749 3224; x_wconf 80' lang='lat' dir='ltr'><strong>superlatIvns</strong></span> <span class='ocrx_word' id='word_1_231' title='bbox 770 3129 1054 3220; x_wconf 77' lang='grc' dir='ltr'><strong><em>πολτθηρότατον</em></strong></span> <span class='ocrx_word' id='word_1_232' title='bbox 1073 3131 1185 3208; x_wconf 74' lang='grc' dir='ltr'><strong><em>τρίπος</em></strong></span> 
     </span>
     <span class='ocr_line' id='line_1_29' title="bbox 80 3233 1183 3328; baseline -0.01 -17"><span class='ocrx_word' id='word_1_233' title='bbox 80 3247 157 3311; x_wconf 84' lang='grc' dir='ltr'><strong><em>Ειιι.</em></strong></span> <span class='ocrx_word' id='word_1_234' title='bbox 181 3243 315 3307; x_wconf 90' lang='lat' dir='ltr'><strong>Phoenu.</strong></span> <span class='ocrx_word' id='word_1_235' title='bbox 340 3239 413 3307; x_wconf 89' lang='grc'><strong>802.</strong></span> <span class='ocrx_word' id='word_1_236' title='bbox 435 3233 599 3328; x_wconf 81' lang='grc' dir='ltr'><strong><em>Εγκηρος</em></strong></span> <span class='ocrx_word' id='word_1_237' title='bbox 618 3252 650 3304; x_wconf 88' lang='lat' dir='ltr'><strong>et</strong></span> <span class='ocrx_word' id='word_1_238' title='bbox 673 3238 830 3326; x_wconf 77' lang='grc' dir='ltr'><strong><em>ἐπίκηρος</em></strong></span> <span class='ocrx_word' id='word_1_239' title='bbox 850 3238 927 3300; x_wconf 91' lang='lat' dir='ltr'><strong>hano</strong></span> <span class='ocrx_word' id='word_1_240' title='bbox 948 3256 1037 3300; x_wconf 89' lang='lat' dir='ltr'><strong>unam</strong></span> <span class='ocrx_word' id='word_1_241' title='bbox 1059 3237 1183 3300; x_wconf 84' lang='lat' dir='ltr'><strong>formam</strong></span> 
     </span>
     <span class='ocr_line' id='line_1_30' title="bbox 79 3333 1183 3466; baseline -0.009 -53"><span class='ocrx_word' id='word_1_242' title='bbox 79 3348 204 3423; x_wconf 88' lang='lat' dir='ltr'><strong>habent,</strong></span> <span class='ocrx_word' id='word_1_243' title='bbox 227 3366 285 3409; x_wconf 87' lang='lat' dir='ltr'><strong>neo</strong></span> <span class='ocrx_word' id='word_1_244' title='bbox 306 3345 404 3408; x_wconf 91' lang='lat' dir='ltr'><strong>minus</strong></span> <span class='ocrx_word' id='word_1_245' title='bbox 427 3338 565 3405; x_wconf 85' lang='lat' dir='ltr'><strong>fixum’</strong></span> <span class='ocrx_word' id='word_1_246' title='bbox 542 3333 691 3466; x_wconf 60' lang='lat' dir='ltr'><strong>proppius,</strong></span> <span class='ocrx_word' id='word_1_247' title='bbox 723 3343 770 3406; x_wconf 88' lang='lat' dir='ltr'><strong>oui</strong></span> <span class='ocrx_word' id='word_1_248' title='bbox 792 3335 994 3425; x_wconf 80' lang='grc' dir='ltr'><strong><em>πολυκηριος</em></strong></span> <span class='ocrx_word' id='word_1_249' title='bbox 1018 3360 1183 3404; x_wconf 81' lang='lat' dir='ltr'><strong>accommo-</strong></span> 
     </span>
     <span class='ocr_line' id='line_1_31' title="bbox 80 3441 1183 3560; baseline -0.004 -46"><span class='ocrx_word' id='word_1_250' title='bbox 80 3451 182 3514; x_wconf 87' lang='lat' dir='ltr'><strong>datum</strong></span> <span class='ocrx_word' id='word_1_251' title='bbox 205 3459 263 3513; x_wconf 88' lang='lat' dir='ltr'><strong>est.</strong></span> <span class='ocrx_word' id='word_1_252' title='bbox 308 3445 472 3510; x_wconf 82' lang='lat' dir='ltr'><strong>Averbali</strong></span> <span class='ocrx_word' id='word_1_253' title='bbox 505 3468 630 3531; x_wconf 86' lang='grc' dir='ltr'><strong><em>στατηρ</em></strong></span> <span class='ocrx_word' id='word_1_254' title='bbox 657 3445 803 3560; x_wconf 85' lang='lat' dir='ltr'><strong>adjectiva</strong></span> <span class='ocrx_word' id='word_1_255' title='bbox 830 3442 1058 3528; x_wconf 80' lang='lat' dir='ltr'><strong>proficiscuntur</strong></span> <span class='ocrx_word' id='word_1_256' title='bbox 1084 3441 1183 3510; x_wconf 80' lang='grc' dir='ltr'><strong><em>δεκα-</em></strong></span> 
     </span>
     <span class='ocr_line' id='line_1_32' title="bbox 80 3526 1183 3638; baseline -0.011 -18"><span class='ocrx_word' id='word_1_257' title='bbox 80 3548 259 3638; x_wconf 75' lang='grc' dir='ltr'><strong><em>στάτηρος,</em></strong></span> <span class='ocrx_word' id='word_1_258' title='bbox 281 3541 563 3636; x_wconf 77' lang='grc' dir='ltr'><strong><em>τετραστοὶτηρος,</em></strong></span> <span class='ocrx_word' id='word_1_259' title='bbox 586 3550 639 3612; x_wconf 87' lang='lat' dir='ltr'><strong>sed</strong></span> <span class='ocrx_word' id='word_1_260' title='bbox 667 3526 842 3631; x_wconf 77' lang='lat' dir='ltr'><strong>simplicium</strong></span> <span class='ocrx_word' id='word_1_261' title='bbox 874 3545 986 3610; x_wconf 84' lang='lat' dir='ltr'><strong>flexum</strong></span> <span class='ocrx_word' id='word_1_262' title='bbox 1015 3556 1183 3631; x_wconf 82' lang='lat' dir='ltr'><strong>sequuntur</strong></span> 
     </span>
    </p>
   </div>
   <div class='ocr_carea' id='block_1_6' title="bbox 77 3788 1179 4166">
    <p class='ocr_par' dir='ltr' id='par_1_7' title="bbox 77 3788 1179 4166">
     <span class='ocr_line' id='line_1_33' title="bbox 151 3788 1179 3876; baseline -0.009 -15"><span class='ocrx_word' id='word_1_263' title='bbox 151 3807 179 3875; x_wconf 84' lang='lat'><strong>5)</strong></span> <span class='ocrx_word' id='word_1_264' title='bbox 198 3806 268 3872; x_wconf 82' lang='lat' dir='ltr'><strong>Quuo</strong></span> <span class='ocrx_word' id='word_1_265' title='bbox 286 3806 441 3861; x_wconf 76' lang='lat' dir='ltr'><strong>antecedunt</strong></span> <span class='ocrx_word' id='word_1_266' title='bbox 456 3802 493 3859; x_wconf 84' lang='grc' dir='ltr'><strong>τιὶ</strong></span> <span class='ocrx_word' id='word_1_267' title='bbox 512 3801 550 3859; x_wconf 77' lang='lat' dir='ltr'><strong>eis</strong></span> <span class='ocrx_word' id='word_1_268' title='bbox 568 3788 602 3875; x_wconf 71' lang='grc' dir='ltr'><strong>ηρ</strong></span> <span class='ocrx_word' id='word_1_269' title='bbox 625 3801 725 3860; x_wconf 54' lang='lat' dir='ltr'><strong>dedomo?</strong></span> <span class='ocrx_word' id='word_1_270' title='bbox 746 3801 764 3872; x_wconf 82' lang='grc' dir='ltr'><strong><em>ἢ</em></strong></span> <span class='ocrx_word' id='word_1_271' title='bbox 782 3792 1065 3876; x_wconf 64' lang='grc' dir='ltr'><strong><em>τῦρια-βαριῖιτνται</em></strong></span> <span class='ocrx_word' id='word_1_272' title='bbox 1081 3795 1179 3868; x_wconf 74' lang='grc' dir='ltr'><strong><em>Ἴβηρ,</em></strong></span> 
     </span>
     <span class='ocr_line' id='line_1_34' title="bbox 79 3884 1174 3965; baseline -0.009 -17"><span class='ocrx_word' id='word_1_273' title='bbox 79 3889 187 3965; x_wconf 79' lang='grc' dir='ltr'><strong><em>ιῖνίβηρ,</em></strong></span> <span class='ocrx_word' id='word_1_274' title='bbox 208 3887 380 3962; x_wconf 66' lang='lat' dir='ltr'><strong>diupo-sio</strong></span> <span class='ocrx_word' id='word_1_275' title='bbox 398 3891 477 3944; x_wconf 85' lang='lat' dir='ltr'><strong>sorihi</strong></span> <span class='ocrx_word' id='word_1_276' title='bbox 494 3898 594 3958; x_wconf 86' lang='lat' dir='ltr'><strong>oportet</strong></span> <span class='ocrx_word' id='word_1_277' title='bbox 609 3887 730 3960; x_wconf 62' lang='lat' dir='ltr'><strong>’Itttpnp</strong></span> <span class='ocrx_word' id='word_1_278' title='bbox 747 3906 774 3941; x_wconf 87' lang='lat' dir='ltr'><strong>v.</strong></span> <span class='ocrx_word' id='word_1_279' title='bbox 793 3890 944 3942; x_wconf 82' lang='lat' dir='ltr'><strong>Tzsehuek.</strong></span> <span class='ocrx_word' id='word_1_280' title='bbox 957 3887 989 3940; x_wconf 80' lang='lat' dir='ltr'><strong>ad</strong></span> <span class='ocrx_word' id='word_1_281' title='bbox 1005 3886 1064 3939; x_wconf 84' lang='lat' dir='ltr'><strong>Mol.</strong></span> <span class='ocrx_word' id='word_1_282' title='bbox 1075 3884 1133 3938; x_wconf 88' lang='lat' dir='ltr'><strong>Vol.</strong></span> <span class='ocrx_word' id='word_1_283' title='bbox 1143 3885 1174 3938; x_wconf 91' lang='lat' dir='ltr'><strong>II.</strong></span> 
     </span>
     <span class='ocr_line' id='line_1_35' title="bbox 78 3971 1174 4055; baseline -0.006 -22"><span class='ocrx_word' id='word_1_284' title='bbox 78 3980 107 4033; x_wconf 87' lang='lat' dir='ltr'><strong>P.</strong></span> <span class='ocrx_word' id='word_1_285' title='bbox 128 3981 161 4033; x_wconf 89' lang='lat' dir='ltr'><strong>II.</strong></span> <span class='ocrx_word' id='word_1_286' title='bbox 180 3981 240 4033; x_wconf 80' lang='grc'><strong>408.</strong></span> <span class='ocrx_word' id='word_1_287' title='bbox 261 3979 304 4032; x_wconf 82' lang='lat' dir='ltr'><strong>vet</strong></span> <span class='ocrx_word' id='word_1_288' title='bbox 320 3977 465 4048; x_wconf 66' lang='grc' dir='ltr'><strong><em>Κελτίβηρ,</em></strong></span> <span class='ocrx_word' id='word_1_289' title='bbox 483 3985 510 4029; x_wconf 84' lang='lat' dir='ltr'><strong>et</strong></span> <span class='ocrx_word' id='word_1_290' title='bbox 527 3973 628 4055; x_wconf 76' lang='grc' dir='ltr'><strong>Δόβηρ.</strong></span> <span class='ocrx_word' id='word_1_291' title='bbox 663 3976 793 4028; x_wconf 82' lang='lat' dir='ltr'><strong>Omissum</strong></span> <span class='ocrx_word' id='word_1_292' title='bbox 809 3984 837 4029; x_wconf 86' lang='lat' dir='ltr'><strong>ot</strong></span> <span class='ocrx_word' id='word_1_293' title='bbox 852 3980 954 4046; x_wconf 78' lang='grc' dir='ltr'><strong><em>Λείγηρ</em></strong></span> <span class='ocrx_word' id='word_1_294' title='bbox 970 3973 1071 4038; x_wconf 70' lang='lat' dir='ltr'><strong>Lisoris</strong></span> <span class='ocrx_word' id='word_1_295' title='bbox 1083 3971 1174 4045; x_wconf 67' lang='lat' dir='ltr'><strong>Polyb.</strong></span> 
     </span>
     <span class='ocr_line' id='line_1_36' title="bbox 77 4063 1039 4166; baseline -0.009 -45"><span class='ocrx_word' id='word_1_296' title='bbox 77 4065 203 4120; x_wconf 88' lang='lat' dir='ltr'><strong>XXXIV.</strong></span> <span class='ocrx_word' id='word_1_297' title='bbox 225 4067 266 4128; x_wconf 89' lang='grc'><strong>10,</strong></span> <span class='ocrx_word' id='word_1_298' title='bbox 287 4067 312 4120; x_wconf 84' lang='grc'><strong>6.</strong></span> <span class='ocrx_word' id='word_1_299' title='bbox 332 4066 382 4117; x_wconf 91' lang='lat' dir='ltr'><strong>nisi</strong></span> <span class='ocrx_word' id='word_1_300' title='bbox 400 4066 444 4117; x_wconf 87' lang='lat' dir='ltr'><strong>ille</strong></span> <span class='ocrx_word' id='word_1_301' title='bbox 460 4065 547 4133; x_wconf 89' lang='lat' dir='ltr'><strong>potius</strong></span> <span class='ocrx_word' id='word_1_302' title='bbox 562 4065 661 4134; x_wconf 76' lang='lat' dir='ltr'><strong>Alyerp</strong></span> <span class='ocrx_word' id='word_1_303' title='bbox 678 4063 790 4132; x_wconf 72' lang='lat' dir='ltr'><strong>scripsit.</strong></span> <span class='ocrx_word' id='word_1_304' title='bbox 954 4141 966 4166; x_wconf 51' lang='grc'><em>·</em></span> <span class='ocrx_word' id='word_1_305' title='bbox 1037 4131 1039 4134; x_wconf 83' lang='lat'><strong>.</strong></span> 
     </span>
    </p>
   </div>
   <div class='ocr_carea' id='block_1_7' title="bbox 0 0 1258 4492">
    <p class='ocr_par' dir='ltr' id='par_1_8' title="bbox 0 0 1258 4492">
     <span class='ocr_line' id='line_1_37' title="bbox 0 0 1258 4492; baseline 0 3"><span class='ocrx_word' id='word_1_306' title='bbox 0 0 1258 4492; x_wconf 95' lang='lat' dir='ltr'><strong> </strong></span> 
     </span>
    </p>
   </div>
  </div>
 </body>
</html>
