2506 4492
167 175 221 243 nu
243 128 449 242 snesnunn.
472 172 498 239 1.
521 173 678 241 nucum.
700 175 840 243 onaan.
863 174 941 243 nnn.
964 177 993 264 s.
1014 177 1047 245 ε.
1113 178 1187 249 aaa

74 376 148 422 vum
171 366 218 420 est
235 353 404 439 explenda,
428 356 504 440 qnod
524 354 669 441 deperiit,
691 357 879 423 substantivo
899 348 997 444 τονῆ.
1039 358 1093 423 liin
1114 376 1183 444 pro·

75 458 185 543 {ligatis
207 479 299 523 unum
318 468 413 523 restat
431 455 560 544 Σιβαία
581 454 605 542 ἤ
623 455 728 545 σίββα
747 455 839 546 πήρα
859 459 991 545 Hesyeh.
1011 472 1183 545 suspectum

75 570 199 646 propter
224 560 324 625 simile
352 558 475 648 Κίββα
503 556 526 646 η’
552 553 662 653 πήρα,
703 582 777 645 qnae
806 573 838 626 et
863 560 986 650 κίβισις
1014 564 1122 629 dieitur
1152 574 1185 629 et

74 660 211 750 κύμβη,
241 663 312 739 sed,
326 710 329 715 -
343 663 412 747 quia
434 663 568 727 nescitur
590 684 647 746 qun
669 662 735 727 loeo
757 676 942 729 eontextnve
966 665 1095 751 positum
1118 666 1183 731 fue·

73 765 133 842 rit,
157 764 353 850 injudicatum
375 764 582 847 relinquimus.
619 766 670 829 Fan
691 786 727 829 eo
749 777 861 841 antem,
885 766 962 851 quod
983 769 1059 851 aqud
1080 768 1185 831 Helin-

74 866 182 935 donum
203 866 295 950 vulgo
317 865 428 949 legiam
445 865 510 939 VH.
528 864 562 942 8,
581 864 657 931 268.
679 870 814 954 menneo}
833 864 898 955 τήν
919 864 1078 955 τελευτήν
1099 869 1183 955 πλη·

73 961 275 1048 σιοίζουσαν,
296 967 329 1030 in
350 968 436 1031 endd.
459 987 534 1041 veno
555 966 620 1052 τήν
639 970 837 1039 τελευταίαν
858 982 892 1035 ut
913 968 1013 1055 paullo
1034 983 1102 1054 post
1121 970 1184 1058 τῆς

72 1067 270 1144 τελευταίας
290 1067 572 1155 προςδοκοιμένης
595 1073 825 1154 praetermisso,
856 1075 932 1158 quod
956 1072 1026 1137 aiibi
1050 1073 1183 1155 additur,

72 1169 221 1259 ἡμέρας,
249 1181 372 1257 apparet
392 1192 478 1255 quam
503 1172 590 1236 facile
614 1174 695 1237 inter
716 1195 767 1254 se,
800 1194 875 1258 quae
897 1185 1004 1240 natura
1026 1170 1184 1253 differunt,

74 1275 239 1360 permutari
260 1273 386 1358 possint.
429 1272 474 1336 Ae
495 1274 560 1357 quis
582 1276 711 1351 dubitet,
736 1276 807 1361 qnin
829 1296 882 1359 pro
903 1275 1035 1363 σειραία
1055 1271 1184 1364 μήριν-

71 1382 141 1449 θος
163 1375 254 1458 quh.
271 1379 346 1459 Arg.
365 1373 441 1441 2⁴3.
465 1397 519 1460 pro
541 1398 576 1441 re
597 1389 669 1442 nata
689 1379 747 1443 diei
768 1379 857 1442 liceat
877 1375 1009 1465 σειραία
1030 1378 1181 1457 absolute,

71 1498 126 1561 pro
148 1474 279 1562 δειραία
300 1472 388 1564 ύκρα
406 1477 481 1564 Lye.
501 1477 576 1545 994.
600 1479 673 1544 item
694 1479 836 1567 δειραία,
858 1491 890 1544 et
907 1502 962 1567 pro
982 1475 1103 1548 εύναία
1124 1473 1183 1549 du'·

70 1603 144 1666 μαρ
166 1579 276 1643 Aeaeis.
301 1579 422 1664 Fragm.
447 1579 653 1645 cccxxvii.
680 1577 802 1649 εύναία
827 1583 966 1648 simulata
987 1582 1088 1668 speeie
1111 1583 1183 1647 snb·

70 1680 219 1746 stantivi‘t
247 1681 403 1747 Postremo
424 1702 467 1747 ex
484 1672 627 1767 Stephani
647 1685 748 1749 verbis
764 1678 915 1770 Γενὴτηε
931 1681 1099 1773 ποταμός,
1116 1685 1183 1753 Σο·

72 1783 200 1870 manteia
218 1782 351 1870 Γὲνητα
372 1783 487 1870 φησίν.
518 1779 636 1853 Ἔστιν
658 1780 721 1853 οὖν
742 1791 778 1853 ἐκ
798 1788 859 1873 τῆς
877 1787 1026 1874 Γίνητσε
1046 1785 1181 1875 γενικῆς

72 1887 256 1961 Pausaniae
277 1887 334 1953 καί
351 1885 517 1955 Γενεταία
538 1880 642 1975 dudo·
670 1885 878 1975 Ἡρωδιανὸς
900 1888 936 1956 di
958 1886 1002 1964 uie
1022 1889 1061 1957 τύ
1083 1891 1182 1977 σελη-

70 1986 166 2067 ναία,
187 1984 351 2074 οίμαεαία,
375 1989 477 2054 neseio
497 2011 537 2069 an
559 1991 660 2076 colligi
682 1993 811 2073 debeam·
824 1992 909 2056 iilum
930 1990 1102 2080 Γενηταία
1123 2014 1178 2079 pra

70 2091 261 2156 substantivo
283 2092 439 2168 habuisse,
466 2093 526 2170 etsi
549 2091 793 2181 Pandae-hodia
815 2116 877 2160 nnn
898 2096 1020 2181 legitur.

542 2236 544 2241 ’
583 2279 612 2363 5.
638 2277 672 2343 8.

159 2397 360 2483 Quaecunque
380 2398 474 2483 igitar
495 2398 582 2484 hujus
604 2397 726 2481 generis
748 2400 824 2482 apud
846 2411 967 2467 'vetares
988 2402 1181 2486 reperiuntur

71 2500 223 2585 exempla,
246 2502 335 2565 facile
355 2501 398 2565 ita
419 2499 554 2585 expediri
571 2510 698 2584 possunt
718 2510 753 2591 ut
769 2521 937 2586 paragogae
957 2503 1069 2587 imago,
1092 2525 1181 2589 quam

69 2603 175 2689 procul
192 2603 376 2669 intuentibus
392 2603 548 2678 abludunt,
558 2602 702 2686 protinus
719 2602 805 2667 velut
821 2616 982 2671 excantata
998 2617 1179 2687 evanescata

70 2727 128 2769 nee
151 2705 247 2769 sotum
269 2705 302 2769 in
325 2705 379 2769 hae
400 2705 631 2780 terminatione,
662 2706 714 2768 sed
737 2705 825 2768 etiam
847 2707 880 2769 in
903 2706 982 2771 aliis.
1028 2702 1181 2797 Θύμβρα

69 2806 155 2872 nabis
177 2828 287 2872 nomen
309 2808 377 2884 init,
401 2809 480 2871 unda
500 2807 606 2892 Apollo
626 2798 805 2894 &deeque
827 2820 859 2873 et
876 2811 1081 2897 Θυμβραῑος
1101 2835 1181 2878 nun·

71 2920 197 2994 enpatns
224 2921 271 2976 est
278 2937 289 2987 ε
326 2909 419 2974 herba
444 2907 584 2996 indigena
610 2907 770 2995 θυμβρία
797 2921 829 2977 et
853 2909 1058 3000 θυμβραία,
1090 2935 1180 2999 qoam¹

70 3013 199 3077 formam
224 3012 311 3077 hodie
338 3012 524 3077 obliteratam
551 3011 584 3076 in
609 3010 691 3076 libris
716 3010 919 3098 Hippoemteis
947 3014 1022 3099 legit
1046 3013 1180 3083 Galenus

69 3115 187 3199 Expns.
212 3138 240 3200 ρ.
259 3115 335 3180 482.
358 3115 519 3198 eademque
540 3111 706 3201 θύμβρα,
729 3118 814 3202 enjus
835 3115 1045 3203 homonymiae
1062 3118 1179 3204 'duplex

70 3220 150 3283 ratio
172 3218 255 3284 reddi
277 3227 386 3301 potest.
419 3216 493 3280 Nam
515 3226 546 3280 et
566 3217 663 3293 loeus,
687 3240 774 3302 quem
793 3218 917 3282 Servius
938 3218 1059 3302 plenum
1080 3221 1179 3308 thym-

69 3323 126 3386 bra
150 3322 216 3387 sive
240 3319 372 3384 satureia
395 3318 489 3383 inissa
516 3330 664 3399 testatur,
695 3324 732 3385 ob
754 3322 810 3386 hon
833 3320 927 3404 ipsum
950 3315 1100 3410 Θύμβρα
1122 3344 1178 3389 vo·

70 3424 134 3488 eani
153 3422 262 3509 potuit,
285 3421 375 3487 sieuti
393 3420 493 3490 Σίδαι
510 3424 650 3489 Boeotiae
670 3418 738 3491 οἷπύ
755 3422 824 3491 τών
845 3420 945 3489 σιδύν
962 3416 1073 3488 Athen.
1089 3424 1175 3492 XIV.

69 3524 147 3591 650.
171 3526 207 3590 F.
240 3518 361 3611 Πεύκη
386 3520 442 3593 deni
471 3522 512 3593 τύ
536 3528 671 3614 πλῆθος
699 3518 745 3595 οἷν
773 3531 839 3617 ἔχει
864 3523 999 3592 πευκύν
1025 3526 1176 3613 Seymnus

70 3627 193 3711 Fragm.
217 3651 247 3691 v.
272 3627 325 3712 42.
352 3627 487 3712 idemque
509 3630 592 3695 loeus
616 3625 733 3717 Θρύον
756 3640 788 3694 et
809 3618 950 3715 Θρυόεις
973 3626 1041 3697 sive¹
1058 3626 1176 3716 Θρυό·

70 3753 155 3798 enno
176 3728 307 3816 Hesyah.
332 3727 555 3816 Κυτιύρισσος
575 3745 607 3798 et
627 3731 872 3820 Κυπαρισσοῦς
895 3727 1176 3818 (Κυπαρισσίας,

70 3831 295 3919 Κυπαρισσία
316 3834 381 3899 sive
400 3830 635 3921 Κυπαρισοιοί)
653 3831 784 3927 Ἐχῖνος
805 3846 837 3900 et
853 3830 1013 3924 Ἐχινοῦε·
1049 3832 1174 3918 steph·

71 3956 130 4001 nus
156 3957 183 4000 s.
210 3932 320 4002 Συκαί
339 3973 383 3984 -
404 3940 438 4003 oi
457 3929 557 4005 τόποι
580 3933 649 4006 nisui
673 3940 743 4008 τῶν
763 3944 800 4006 ἐν
822 3935 938 4012 αύτοῑς
960 3929 1070 4002 ὄντων
1091 3929 1173 4003 ὄνο-

69 4029 240 4125 enigma
262 4029 502 4129 Κυπύρισσοε,
526 4034 664 4111 tanta·
695 4042 754 4111 aui
775 4036 869 4132 τύπῳ
894 4035 1085 4131 περιεκτικῷ
1109 4040 1172 4109 Σι-
