2506 4492
96 178 131 290 a
475 183 790 282 nrssnnrnrro
820 184 877 249 t.-

106 361 339 450 „e'rcorllpllor
360 372 480 439 cocunt,
491 363 617 449 pandus
630 363 758 440 dicitur,
782 385 832 440 νο,
852 363 1047 451 sipondidus
1061 364 1217 442 dicamus,

107 468 214 545 „mole
228 476 339 529 sonent
352 467 475 538 alterna
490 466 513 528 d
525 469 699 553 taetraque
714 469 860 530 contiuua
874 466 1005 552 syllaba.
1019 467 1093 532 Νονι
1107 467 1219 531 dicunt

23 586 27 592 ·
105 569 254 646 „Graeci
261 560 491 654 Xopa'pldtdog,
502 571 640 653 quornor‘s
652 570 765 650 regula
774 569 899 654 exiget,
908 566 1214 656 ιοιίΧαρύβδιος“;

104 695 161 737 nec
182 672 393 755 praetermittit
415 670 559 734 meridies
580 693 597 734 a
615 671 760 734 Cicerone
784 682 931 734 notatum.
977 673 1089 735 Verum
1114 683 1215 735 tamen

105 773 256 838 candidas
278 772 387 836 dieitur
416 784 447 836 et
473 754 672 858 aplerrdt'dus3
700 764 899 860 Χαρύβδιος
927 786 1026 838 autem
1048 797 1109 837 non
1133 797 1213 838 com·

102 880 200 942 munis
223 889 270 941 est
291 879 386 940 forma
409 877 460 939 sed
482 877 600 961 propria
622 877 725 940 lonum
747 898 800 960 pro
823 870 1044 963 Χαρύβδιος,
1068 888 1101 941 ut
1124 871 1212 966 Σοῖρ·

100 980 170 1055 deoc
192 1003 245 1064 pro
270 971 440 1065 Σοῖρδεαν.
485 977 549 1042 Nec
572 981 679 1043 desunt
700 978 839 1062 duplicati
861 979 941 1042 delta
963 981 1120 1064 exempla:
1151 1003 1212 1046 ιιο-

81 1081 254 1170 ,μίνδιδος
280 1082 356 1145 Plat.
382 1079 465 1144 Crat.
495 1078 569 1146 302.
594 1079 632 1144 Α.
657 1082 733 1166 quod
757 1103 774 1145 e
797 1075 874 1145 Gut.
899 1095 1050 1167 receptum
1082 1095 1128 1147 est
1157 1105 1210 1167 pro

98 1184 289 1273 ννμίνδιος,
318 1183 451 1258 Μενδῑς
474 1184 609 1266 (Beudis)
633 1183 817 1266 Μενδῑδος,
840 1186 911 1248 deae
934 1185 1078 1249 Thraciae
1100 1206 1209 1249 nomen

98 1310 131 1352 v.
154 1289 268 1351 Aueod.
291 1309 321 1371 p.
351 1284 446 1351 1102.
474 1282 510 1353 αἱ
531 1277 694 1376 capsidem
716 1297 748 1351 ct
768 1277 951 1375 μαγάδιδες
980 1308 1016 1351 v.·
1036 1287 1205 1351 Tzschuck.

98 1391 135 1455 ad
158 1391 256 1453 Strah.
280 1391 323 1452 X.
342 1387 416 1452 107.
441 1387 603 1481 Sophocles¹
623 1387 685 1456 τόν
710 1388 818 1474 ἴδριδα
844 1391 932 1466 dixit,
956 1390 998 1479 τῇ
1021 1387 1209 1475 πολνῖδριδι

98 1492 225 1578 Sappho,
250 1490 425 1576 reprehensi
447 1490 687 1556 aGrammaticis
710 1493 762 1555 sed
785 1493 821 1555 ob
844 1493 931 1557 uliam
956 1491 1095 1570 causam⁴,
1127 1517 1206 1579 κομ-

96 1588 245 1683 μιδοὶδης
259 1593 493 1678 Theophrastus,
518 1594 567 1678 qui
590 1604 689 1658 tamen
712 1586 819 1680 κόμμι
842 1595 1012 1679 frequentat
1030 1617 1101 1681 prae
1116 1596 1205 1660 attico

95 1694 234 1784 κόμαις.
280 1694 415 1780 Denique
441 1696 468 1759 si
490 1699 556 1780 quis
578 1697 696 1761 literam
718 1696 798 1759 illam
822 1696 853 1758 iu
869 1698 955 1762 cuitu
971 1698 1122 1782 impunius
1138 1720 1205 1762 con·

96 1800 208 1865 tinuari
232 1810 335 1863 censet
365 1820 451 1882 mam
478 1799 510 1858 in
539 1798 684 1882 principio
713 1799 937 1877 vocabulorum,
968 1811 1050 1864 certe
1074 1793 1205 1867 thidardo

90 1924 157 1975 mou
178 1902 243 1986 plus
259 1898 432 1963 offensionis
455 1898 554 1973 hahet,
579 1921 665 1983 quam
688 1894 925 1991 δεδιδαγμένος
945 1902 1055 1966 llerod.
1074 1903 1126 1967 IV.
1149 1902 1201 1970 22.

96 2005 184 2069 Dem.
201 2004 237 2065 de
251 2001 318 2064 Hal.
336 1999 390 2077 82,
414 2001 468 2067 21.
500 2000 589 2065 Paus.
606 2001 644 2066 V.
665 2002 699 2081 4,
725 2005 755 2069 1.
780 1997 966 2093 δεδαρδοιφε
990 2005 1120 2091 hesych.
1143 2002 1201 2091 elul

95 2107 152 2170 Sed
183 2104 370 2168 excutiamus
402 2115 503 2168 cetera
535 2103 623 2189 hujus
653 2127 760 2171 causae
794 2108 990 2173 firmamenta.
1036 2107 1139 2194 Etym.
1162 2104 1203 2172 ll.

94 2207 171 2283 657,
184 2207 237 2272 46.
262 2206 337 2280 δαῖς
352 2197 492 2293 ὤφειλεν
509 2205 597 2274 εἶναι
612 2203 736 2288 δαιδός,
749 2205 834 2278 cillo?
851 2209 905 2278 διδ
917 2208 981 2296 τήν
998 2208 1202 2296 ἐπαλληλιάν
1243 2220 1245 2224 ’

92 2295 215 2380 νῶνδ
237 2307 384 2378 κλίνεται
408 2308 462 2378 διδ
500 2313 564 2378 τοῦ
587 2299 631 2393 ἶ,
659 2312 799 2377 nimirum
834 2315 901 2397 quia
938 2313 1057 2377 verbale
1095 2325 1142 2378 cst
1171 2324 1203 2376 nt

52 2462 68 2485 2
93 2427 199 2490 σταῖς,
230 2408 400 2498 neutiquam
428 2424 549 2498 propter
575 2415 676 2491 illam,
708 2436 782 2500 quae
812 2416 1034 2499 praetenditur,
1070 2436 1199 2480 causam.

91 2519 154 2585 Nee
177 2518 339 2582 firmiorem
363 2517 436 2581 duco
463 2517 605 2606 Stephani
627 2518 788 2593 rationem,
813 2518 861 2602 qui
886 2519 922 2581 ab
943 2513 1064 2603 Ἀρκάς
1082 2510 1201 2602 Ἀριια-

92 2619 185 2706 σίδης
206 2619 328 2682 formari
350 2619 466 2694 scribit,
497 2639 570 2698 non,
602 2631 637 2683 ut
657 2620 795 2704 analogia
816 2622 967 2704 poscehat,
994 2617 1199 2708 Ἁριαδίδης,

92 2721 146 2790 διιὶ
169 2719 207 2787 νδ
227 2717 439 2806 eucopoteron.
482 2720 526 2783 Αο
549 2721 660 2804 legitur
681 2722 754 2783 illud
774 2721 892 2785 Gallim.
909 2723 945 2786 H.
970 2724 1003 2786 in
1017 2723 1107 2787 Dian.
1123 2724 1196 2790 216.

92 2828 146 2891 sed
166 2825 294 2888 alterum
315 2822 508 2916 'cacophpton
531 2822 587 2884 dici
617 2822 732 2905 nequit,
763 2844 851 2907 quum
873 2824 904 2886 in
926 2827 1197 2912 patronymicorum

92 2927 304 2993 terminatione
342 2924 414 2987 haee
449 2922 570 2986 minime
606 2945 675 2987 rara
713 2923 753 2987 sit
791 2923 945 2991 literarum
983 2932 1195 3013 consequutio:

92 3026 356 3119 Mcycppdaidpc
394 3027 481 3089 llom.
521 3026 558 3089 H.
599 3026 632 3091 in
665 3026 759 3090 Mero.
798 3049 828 3090 v.
861 3027 934 3092 100.
972 3024 1197 3118 Ἇγομηδίδης

91 3135 182 3198 Paus.
211 3131 263 3195 lll.
294 3129 348 3205 16,
382 3129 401 3193 5
431 3141 490 3192 etc.
530 3127 746 3214 Βαθνμῆδαι
774 3141 872 3193 autem
910 3134 955 3212 (v.
987 3122 1135 3217 Aglaoph.
1166 3155 1193 3218 p.

80 3233 184 3316 ·982.)
207 3234 232 3297 si
255 3232 321 3317 quis
345 3231 381 3294 ob
411 3232 534 3309 eandem
564 3249 683 3306 causam
715 3253 755 3294 ex
776 3232 1023 3318 Βαδοιιηδίδαι
1045 3237 1195 3301 concisum

93 3359 159 3401 esse
187 3337 282 3410 dicet,
321 3334 454 3418 equidem
481 3335 593 3414 dubito,
625 3353 695 3397 num
717 3334 884 3420 hujusmodi
912 3338 1109 3422 correptionis
1133 3360 1194 3427 px·

92 3439 187 3525 cmpla
207 3436 336 3523 proferri
358 3437 490 3520 possiut;
522 3459 590 3500 nam
613 3438 688 3522 quod
704 3438 876 3503 Siebelisius
899 3440 934 3502 ad
952 3440 1040 3503 Paus.
1064 3441 1101 3504 Τ.
1117 3422 1191 3525 tlp.

92 3541 145 3608 78.
169 3565 209 3606 ex
223 3541 325 3627 Etym.
357 3540 400 3603 M.
428 3537 502 3616 165,
527 3538 581 3604 55.
605 3543 719 3626 profert
742 3540 979 3628 Θραοαμίδης,
1002 3542 1032 3605 id
1054 3544 1192 3606 mendoso

91 3645 234 3729 scriptum
270 3663 337 3706 esse
371 3655 492 3726 apparet
518 3662 560 3707 em
592 3638 763 3708 Philemone
793 3643 870 3706 Lex.
907 3644 938 3730 §-
966 3644 1021 3719 42,
1052 3643 1106 3710 30.
1146 3643 1195 3719 uhi

91 3749 192 3814 eadem
220 3755 426 3832 proponuntur
448 3756 602 3830 correptae
640 3755 745 3815 contra
773 3747 1111 3833 regulanjpenultimae
1141 3767 1192 3812 ex·

91 3849 199 3936 empla,
236 3846 517 3942 Θρασομηδίδης,
549 3848 739 3936 Δικνρίδης,
768 3846 990 3949 Θονκυδίδης.
1043 3850 1095 3914 Sic
1116 3851 1190 3915 eninr

90 3953 223 4028 edicunt,
252 3973 270 4014 a
300 3950 469 4014 nominihus
498 3951 606 4016 terdac
629 3951 835 4016 declinationis
863 3952 895 4014 in
923 3977 964 4040 ης
999 3954 1188 4041 exeuntibus,

90 4075 216 4140 quorum
236 4052 400 4140 penultima
422 4051 543 4132 hretia,
572 4054 638 4120 duci
662 4055 868 4142 patronymica
888 4048 921 4119 in
941 4042 1025 4144 ἶδῆς,
1046 4049 1190 4146 Εδτνχί-

905 4380 925 4413 x
1021 4366 1094 4429 st*
