2506 4492
99 176 170 264 erc
449 189 769 260 nrssnararro
797 189 857 260 ιν.

100 363 204 453 καόν,
225 362 412 456 Macarta
432 369 490 439 καί
510 374 558 446 τίς
579 355 650 451 ὦς’,
671 370 843 458 Δαφνοῠς,
861 365 1006 460 Ἁγνοῦς
1016 370 1074 454 ¹²).
1107 369 1208 458 Neque

101 475 201 540 minus
218 471 357 538 credibile
376 485 425 539 est
440 495 529 559 saepe
547 475 679 538 locorum
696 475 818 538 nomina
835 472 872 537 cvl
889 474 1005 558 plantes
1023 494 1094 537 esse
1112 478 1210 540 trans·

102 575 181 640 lata:
213 571 347 665 στοιχοίς
366 575 528 663 γεννᾶται
550 580 588 642 ἐν
609 586 684 649 ταῖς
704 575 790 643 κατοί
809 574 986 643 Γαλατίαν
1007 570 1130 662 νήσοις
1151 602 1211 645 κα-

100 676 284 764 λουμέναις
293 671 464 767 Στοιχοίσι,
479 674 566 745 ὅθεν
577 678 635 744 καλ
648 676 711 764 τήν
724 675 928 765 ἐπωνυμίαν
940 678 1058 765 εἴληφε
1069 679 1206 744 Dioscor.

100 780 175 844 Mar.
199 778 251 844 lll.
275 779 328 846 28.
352 779 437 864 (31.)
459 779 534 845 373.
561 780 736 866 Αεοκήναι
756 773 825 847 α’πό
845 778 1088 870 χωρίουιτινός
1109 786 1147 848 ἐν
1169 780 1210 872 τή

94 874 174 971 'Iup
193 878 259 968 τήν
280 881 508 970 προςηγορίαν
529 875 686 970 ἐσχήκασι
707 881 815 945 Galen.
834 882 871 946 dc
889 882 976 967 prob.
994 882 1086 947 Alim.
1105 889 1137 948 c.
1155 883 1206 947 lv.

100 980 177 1049 778.
200 982 237 1049 Τ.
261 982 313 1049 Vl.
359 984 441 1050 Utnti
463 994 526 1059 est,
552 993 652 1047 tamen
674 981 806 1047 locorum
830 991 861 1046 et
881 992 986 1047 terrac
1007 996 1208 1067 proventuum

26 1169 32 1179 ‚
100 1084 293 1174 homonymia
315 1087 461 1189 exemplis
483 1094 601 1149 constat
622 1084 776 1169 plurimis:
808 1076 912 1160 πύξος
932 1081 956 1170 ή
974 1082 1073 1160 πόλις
1095 1086 1153 1153 καί
1170 1084 1209 1152 τό

100 1180 211 1276 φυτόν
231 1189 339 1253 Arcah
363 1209 393 1272 p.
417 1184 477 1263 66,
500 1186 553 1252 12.
583 1184 704 1274 μίλτος
729 1190 767 1252 ἐν
792 1187 836 1276 τῇ
858 1184 980 1275 Milon
1007 1189 1208 1277 γεννωμένη

101 1288 209 1354 Galen.
232 1289 269 1352 do
289 1288 393 1353 Antil.
412 1288 437 1353 l.
461 1287 520 1364 14,
540 1287 594 1353 81.
618 1280 746 1374 κόπρος
767 1288 858 1352 arbor
880 1290 993 1376 cypria,
1019 1302 1116 1368 creta,
1139 1287 1211 1360 θοί-

99 1388 188 1478 utos}
212 1385 363 1480 α’μοργός
390 1413 421 1455 v.
451 1391 582 1477 Hesych.
614 1412 640 1456 s.
668 1388 835 1476 Βρυτίνη,
865 1401 897 1455 ct
923 1384 1099 1478 σήσαμος,
1134 1396 1209 1479 quob

100 1478 219 1576 snepibs
245 1488 403 1581 σήσαμον
428 1493 537 1558 dicitnr
561 1514 674 1583 genere
699 1504 813 1557 mutato
838 1504 873 1557 nt
895 1493 1028 1580 Σκῦρος
1052 1493 1149 1582 παροί
1172 1495 1211 1564 τό

100 1595 226 1681 σκόρον
242 1595 344 1681 lltym.
362 1596 404 1660 Μ.
422 1591 555 1685 Ἑχῑνσς
577 1593 630 1663 διό
652 1593 700 1662 τό·
715 1594 851 1681 πλῆθος
867 1596 943 1663 τόν
962 1595 1086 1687 ἐχίνων
1105 1600 1208 1684 Steph.

99 1695 135 1762 lu
157 1697 213 1762 hcc
234 1698 327 1783 igitur
353 1719 478 1764 numero
506 1699 610 1763 crebra
637 1708 685 1762 est
710 1698 965 1763 substantivorum
993 1711 1025 1764 et
1046 1690 1212 1786 adjectivo·

99 1820 167 1865 rum
194 1801 375 1885 permixtim
414 1798 570 1887 Πετραία
596 1793 710 1886 ὄνομα
736 1793 949 1876 πόλσωςκαλ
974 1801 1095 1889 Πέτρα
1124 1804 1208 1868 Suil.

97 1898 263 1990 Ἀμύκλαι
280 1896 377 1978 πόλις
398 1903 454 1970 καί
475 1902 565 1977 σίδας
585 1895 808 1989 ὑποδήματος
827 1902 928 1969 Schol.
944 1904 1073 1969 Theocr.
1092 1907 1135 1970 X.
1155 1905 1208 1971 35.

99 2007 176 2090 quod
202 2017 234 2070 et
254 2004 400 2091 adjective
422 2006 532 2069 licitur
553 1999 774 2092 οἷμοκλαίόες,
806 2007 919 2070 ferrum
941 2026 1001 2070 non
1023 2008 1121 2071 solum
1146 2004 1211 2097 χοί-

99 2108 171 2194 lup
198 2109 251 2171 sed
279 2107 369 2170 ctiam
393 2102 592 2196 χαλοβόικός
614 2108 688 2171 Eur.
713 2107 833 2171 lleracl.
859 2104 933 2170 161.
952 2112 995 2185 ¹³)
1021 2130 1148 2194 prorsus
1177 2121 1211 2176 ut

99 2208 191 2274 herba
216 2201 364 2293 θόμβρα
390 2220 421 2271 ct
442 2206 642 2295 θωμβραία,
670 2202 791 2294 θοίψος
815 2220 847 2273 et
868 2207 997 2292 θαψία.
1043 2211 1102 2274 Sed
1130 2235 1208 2277 com·

97 2311 262 2396 plectamur
289 2310 385 2394 plura.
430 2310 532 2397 Etym.
555 2311 597 2375 bl.
613 2306 781 2397 ’ἐλοίφαιος
806 2308 894 2399 α’νήρ
924 2309 942 2378 ό
967 2312 1090 2390 δειλός,
1121 2337 1207 2399 quem

97 2413 226 2502 ἔλαφον
249 2424 280 2477 ct
300 2413 393 2477 latine
415 2433 536 2476 cervum
558 2414 700 2497 'appellari
722 2411 841 2478 ostendi
862 2414 894 2477 in
914 2413 1059 2501 Aglaopb.
1082 2439 1112 2502 p.
1131 2417 1204 2482 895.

97 2509 240 2590 Κόανος
259 2515 367 2580 coloris
385 2535 493 2578 nomen
512 2516 695 2580 translertnr
712 2518 748 2580 ad
765 2537 864 2593 avem,
884 2537 1043 2602 gemmam,
1061 2519 1205 2602 plantam,

98 2640 174 2706 quae
195 2618 321 2704 κυανέη
342 2627 469 2682 vocatur
489 2617 525 2680 ab
547 2617 686 2704 Htppncr.
709 2620 746 2684 de
764 2619 864 2685 Ulcer.
887 2640 918 2706 p.
938 2617 1014 2688 825.
1036 2621 1073 2687 Τ.
1093 2621 1146 2687 lll.
1162 2621 1206 2709 ¹⁴)

100 2772 311 2791 W

169 2878 213 2945 12)
231 2877 316 2931 Minus
334 2879 454 2945 expedita
471 2885 532 2929 sunt
550 2894 616 2945 quac
634 2885 793 2946 sequunturr
820 2873 899 2934 οόόέν
915 2875 971 2933 cciv
986 2867 1120 2935 κοιοότων
1137 2864 1210 2948 ιῖνη

96 2958 186 3035 λήγει,
207 2958 381 3046 laub-dli
397 2961 478 3033 έχρῆν
495 2958 513 3032 ἢ
530 2957 619 3019 Σακόν
638 2960 656 3033 ἢ
672 2962 774 3034 Συκήνη
793 2961 811 3034 ἢ
827 2961 967 3020 Συκοόντα
984 2960 1002 3031 ἢ
1019 2963 1135 3019 Σακῶνα
1156 2985 1206 3018 κα-

96 3046 218 3104 mooe..
254 3049 282 3102 ln
306 3071 323 3118 η
347 3056 449 3101 acutum
473 3049 601 3116 permulta
624 3057 737 3112 exeunt,
770 3065 816 3100 uec
839 3051 942 3117 probari
966 3058 1052 3118 potest
1075 3054 1205 3118 scriptura

98 3135 193 3187 codicis
209 3131 247 3190 ais
264 3121 390 3206 ιῖλήγιι,
409 3135 504 3191 sonte
531 3134 581 3186 Sed
599 3136 643 3186 ille
660 3137 708 3186 hoc
726 3135 811 3187 ‹licerc
828 3137 947 3198 videtur,
968 3138 1067 3188 nullum
1086 3154 1144 3189 esse
1163 3155 1203 3187 nc·

97 3236 155 3272 men
173 3223 299 3289 topicam,
319 3222 386 3290 quod
403 3222 430 3271 ia
447 3218 467 3287 ή
483 3221 674 3273 circumflexum
693 3229 781 3283 exeat,
808 3223 870 3273 licet
887 3223 957 3273 hand
974 3238 1059 3288 panca
1077 3233 1205 3275 extremas

96 3307 190 3359 litarat
212 3310 325 3359 habeant
345 3294 392 3372 οἶ,
416 3311 555 3374 Κεγχρέα,
578 3310 691 3375 Λιμνέα
713 3307 814 3373 (Steph.
835 3317 862 3359 et
878 3309 951 3359 codd.
973 3308 1057 3360 Thuc.
1080 3309 1113 3360 ll.
1139 3307 1203 3375 88),

95 3387 186 3457 “illam
201 3387 305 3460 Ἀρνέα,
321 3396 426 3462 Κροκία
444 3400 494 3444 ctc.
515 3408 579 3460 quac
597 3394 831 3444 metusiasticornnn
847 3395 919 3445 modo
937 3396 1056 3445 contrahi
1073 3401 1202 3461 poterant,

98 3470 144 3530 secl
162 3495 211 3529 non
229 3480 427 3530 contrahuntur.
464 3479 584 3530 Ceterum
603 3478 676 3546 Σοκῆ
695 3495 784 3531 nomen
803 3469 896 3546 allepta
913 3480 1019 3532 videtur
1036 3495 1051 3530 a
1069 3496 1149 3533 sacra
1167 3496 1203 3530 ar·

98 3564 174 3626 bure,
200 3572 230 3615 ut
245 3557 380 3630 Ἐρινεόν,
399 3560 481 3634 Apris,
498 3557 611 3630 Ἐλωία,
628 3559 720 3632 Ἱκέσι,
738 3561 857 3632 naehta,
875 3566 978 3637 Πρῖνος
994 3581 1021 3618 v.
1042 3565 1157 3617 Siehelis
1175 3564 1204 3616 acl

98 3650 175 3703 Pans.
197 3651 229 3703 Τ.
246 3649 288 3701 111.
309 3651 368 3705 220.
994 3709 998 3717 χ

168 3738 212 3804 13)
235 3737 298 3789 Cum
316 3737 446 3800 gentilicio
463 3738 508 3789 illo
526 3736 681 3789 conferenda
699 3735 792 3806 φοίνιξ
811 3738 913 3789 cithara
930 3737 1024 3804 punica
1041 3735 1139 3788 Herod.
1160 3735 1202 3788 lV.

99 3824 160 3880 tta.
184 3824 324 3885 cadurcus,
344 3837 461 3886 magnes,
483 3823 618 3890 sapphirus
640 3838 667 3873 v.
687 3822 771 3874 Schol.
790 3823 874 3890 Apoll.
893 3825 925 3876 ll.
945 3825 1004 3876 395.
1029 3839 1077 3873 nec
1095 3824 1204 3874 multum

97 3909 259 3976 discrepant,
286 3924 351 3976 quae
369 3906 400 3958 ab
419 3909 596 3960 inventoribus
616 3908 777 3959 denominata
795 3917 857 3961 sunt
876 3911 985 3980 φωίακιν
1005 3909 1110 3960 canales
1128 3908 1203 3960 Diod.

98 3992 146 4047 xl.
165 3997 208 4051 25.
228 3997 346 4064 φοίνικες
362 3983 500 4049 Νικόλαον
516 3993 610 4044 Athen.
629 3992 701 4046 XlV.
721 3995 782 4050 652.
802 3993 835 4046 Α.

167 4080 211 4146 ll)
229 4079 270 4133 Cf.
285 4080 423 4133 llcrmaun.
443 4079 475 4131 ad
490 4079 601 4132 Lucian.
618 4079 709 4146 Quom.
724 4080 787 4132 hist.
806 4096 833 4148 p.
850 4078 909 4135 tto.
937 4079 1037 4133 Coloris
1054 4082 1205 4150 metallique
