2506 4492
68 166 172 263 sos
413 163 729 258 nrssnararro
751 186 816 273 nr.
898 196 902 205 ·

73 373 250 452 communis,
275 370 351 454 quod
373 369 580 455 sifflElmslejue
602 369 724 455 negavit
744 367 794 453 (ao
814 386 940 452 negasse
962 367 1088 432 videtur
1107 367 1175 433 llos·

71 497 180 543 manno
201 475 237 539 ad
260 473 323 559 lpb.
350 473 386 536 Τ.
411 471 502 555 344.)
529 471 616 536 facile
636 471 798 536 refellitur.
843 469 1105 537 Termiuationem
1123 456 1173 550 ἶς’,

70 565 192 654 M,
223 576 295 640 olim
325 574 468 639 affirmavi
496 575 528 638 in
557 595 627 638 casu
657 573 721 659 pari
750 595 817 638 cum
839 583 947 637 neutro
974 575 1177 639 consociatam

71 701 139 746 esse
160 681 196 743 ab
218 678 358 764 Euripide
385 676 475 741 Here.
500 675 589 740 179.·
605 677 657 740 scd
686 677 713 740 is
738 677 823 739 locus
846 696 926 740 nuno
947 677 1063 741 rectius
1086 677 1177 741 iuter·

70 783 215 870 pungitur
240 782 284 845 ita
310 791 344 844 ut
371 778 485 879 yipeot
505 779 694 863 disjungatur
714 801 732 843 a
752 780 920 864 πλευροῖς.
965 777 1071 864 Neque
1094 781 1177 865 adje-

22 864 25 885 ¹
74 885 147 950 ctivi
168 885 201 948 in
221 869 273 964 αἱ,
292 868 396 958 α’τ-εἶςῖ
413 881 580 964 exemplum
606 882 705 964 reperi
727 881 786 946 nisi
808 882 885 965 quod
907 881 941 944 in
962 880 1112 965 Tbcopbr.
1137 882 1174 946 ll.

72 985 118 1051 Pl.
143 985 209 1050 Vll.
236 986 267 1062 1,
290 983 324 1050 d.
351 988 388 1051 ἐν
417 995 489 1056 τοῖς
518 977 657 1067 stieldorp
685 983 742 1050 cel
771 976 977 1068 εὐερεῖτοις,Ι
1004 1004 1075 1068 qnae
1097 983 1176 1048 band

75 1088 162 1152 dubie
184 1100 257 1153 sunt
276 1097 395 1165 neutra,
419 1085 536 1149 codices
555 1079 713 1173 εὔκραοιν
726 1096 757 1149 et
770 1080 908 1172 crispulos
921 1086 1078 1170 praebent,
1101 1088 1176 1171 quod

74 1189 273 1267 Schneiderns
294 1189 330 1252 ad
352 1182 493 1274 εὐνραής
514 1188 609 1252 refert
629 1188 821 1273 persuasione
845 1187 920 1251 falsa
944 1189 1101 1252 nominum
1121 1183 1179 1279 esi·¹

75 1314 168 1380 ερας,
190 1286 329 1384 νεόκρας
351 1301 383 1356 et
399 1291 541 1357 similium
562 1312 649 1357 casos
671 1290 805 1376 obliquos
828 1289 989 1364 inusitatos
1012 1311 1092 1357 esse.

580 1482 608 1565 ς.
635 1479 666 1545 ε.

159 1603 347 1689 Adjectivnm
369 1601 402 1668 lu
423 1585 476 1676 di}
504 1622 570 1665 cum
592 1580 779 1666 substabtivo
802 1610 910 1665 neutro
941 1600 1084 1668 blanetbo
1107 1625 1196 1668 oon·¹

69 1704 201 1791 jungere
222 1726 313 1771 ausus
336 1715 383 1770 est
403 1704 454 1769 lV.
478 1701 551 1769 585.
578 1703 655 1793 λέχη
678 1697 881 1782 deutautto,
908 1705 994 1790 cujus
1017 1705 1175 1790 singularis

72 1806 271 1873 intolerabilis
297 1810 386 1873 ioret.
433 1805 466 1871 ln
489 1806 573 1870 Pauli
595 1805 648 1870 Sil.
670 1806 725 1890 Ep.
745 1805 854 1869 XLIV.
878 1803 933 1870 85.
961 1805 1058 1870 T.lll.
1080 1807 1177 1871 lirun·

73 1910 159 1976 olins
181 1910 273 1983 edidit
294 1903 411 1985 doublet
438 1904 501 2004 polp
536 1900 642 1986 τόξοιο
669 1906 860 1996 παναγρέος
891 1909 964 1998 ἴαχε
990 1904 1096 1996 neapol
1125 1932 1177 1997 pro

72 2008 302 2100 πανάγρετος,
333 2032 424 2096 eaque
445 2010 581 2075 Jacobsio
610 2011 647 2073 ad
668 2010 761 2074 Autb.
790 2010 853 2075 Pal.
884 2033 914 2096 p.
940 2010 1015 2085 140.
1040 2034 1102 2077 non
1122 2013 1176 2076 im·

73 2113 232 2197 probabilis
253 2113 372 2176 videtur
393 2113 574 2187 emendatio,
596 2111 838 2195 inaequalitatem
851 2123 948 2176 autem
961 2116 1084 2199 generis
1098 2115 1177 2179 nullo

74 2214 229 2284 confirmat
251 2213 407 2298 exemplo,
428 2235 463 2278 ac
485 2214 614 2277 fortasse
636 2213 747 2279 nullam
770 2237 837 2281 esse
859 2216 986 2301 putavit,
1011 2218 1176 2302 genitivum

46 2397 49 2402 Ι
72 2315 158 2388 illum
180 2337 197 2389 a
216 2312 392 2406 παναγρής
418 2317 466 2399 (ut
485 2311 641 2404 εὐαγρής)
663 2327 803 2401 repetens
834 2331 864 2383 et
892 2318 950 2382 boo
971 2319 1040 2384 loco
1060 2330 1093 2384 et
1114 2320 1177 2386 aliis

73 2439 147 2502 quos
169 2419 304 2506 prolert,
328 2419 405 2492 unde
427 2420 645 2484 substantivum
666 2413 858 2510 πανανρεύς
890 2421 923 2484 in
945 2411 1061 2487 Lexica
1083 2424 1177 2487 immi·

74 2521 184 2605 gravit.
230 2522 402 2587 Verbalium
422 2523 455 2587 in
482 2509 529 2609 ᾖξ
551 2523 640 2592 trium
669 2532 776 2586 extant
805 2521 942 2608 exempla
963 2521 1176 2613 εἷμαιτρῆτος

73 2618 194 2690 αὐλίου
214 2624 339 2688 Philoct.
364 2647 396 2688 v.
421 2624 473 2689 19.
496 2625 601 2712 θυμῷ
627 2623 804 2712 ἐρρωμένῳ
827 2626 884 2693 ναὶ
902 2623 1032 2714 deperiet
1053 2628 1100 2717 epi
1120 2625 1178 2696 ooi-

72 2749 159 2812 ματι
181 2725 269 2789 Pons.
294 2725 344 2788 Vl.
369 2725 423 2803 15,
446 2726 478 2791 3.
511 2738 541 2791 et
570 2728 691 2792 tertium
724 2728 796 2791 illud
826 2728 915 2812 Sopb.
939 2729 989 2815 Aj.
1015 2731 1092 2798 324.
1114 2735 1178 2821 βο-

72 2838 146 2901 soto
169 2825 429 2916 οιὸηρονμῆοιν,
464 2829 542 2892 nude
570 2828 643 2894 baec
665 2841 727 2894 tota
748 2830 891 2915 produxit
913 2833 1085 2917 disputatio.
1130 2836 1177 2899 Αο

75 2929 256 3014 simplicibus
271 2950 385 3014 quoque
399 2929 475 2994 banc
490 2930 639 3004 licentiam
655 2933 731 3008 dari,
754 2944 875 3018 apparet
889 2955 929 2997 cx
948 2934 1024 2998 Eur.
1042 2935 1175 3002 111372.

72 3031 194 3115 scirpea
219 3028 362 3118 σώματι,
390 3035 465 3118 quod
487 3036 643 3098 damnatur
665 3034 932 3098 Grammaticorum
957 3037 1055 3102 edicto
1072 3039 1197 3126 Etym.

74 3133 116 3196 M.
141 3132 214 3210 110,
237 3134 290 3199 25.
315 3133 575 3225 ἁμαρτάνουσιν
613 3142 646 3203 οἱ
672 3133 923 3227 προφερόμενοι
954 3139 1173 3214 πενέστατος·

73 3228 420 3325 ἅπαρασχημεὶτιοτον
443 3237 506 3328 peip
527 3245 596 3306 ἐστι
617 3235 655 3305 τὸ
683 3239 787 3325 πένης
814 3239 997 3328 οὐδετέρῳ,
1030 3245 1107 3327 quod
1129 3243 1179 3327 qni

73 3338 300 3423 pronunciavit,
332 3342 424 3405 multo
445 3344 653 3408 vehementius
673 3339 869 3431 γοητότερος
895 3344 1007 3408 Achill.
1032 3344 1102 3410 Tat.
1125 3345 1176 3410 Vl.

74 3437 106 3503 7.
137 3462 166 3524 p.
192 3438 266 3516 137,
296 3443 349 3515 25.
380 3447 548 3531 rejecturus
577 3459 652 3512 erat.
705 3446 955 3526 Quemadmodum
984 3458 1087 3512 autem
1122 3449 1177 3514 boc

51 3561 189 3605 canone
212 3543 417 3612 declinationis
440 3548 569 3612 directae
599 3558 756 3633 utrumque
782 3571 876 3635 genus
900 3572 960 3615 unu
982 3536 1177 3637 comproben-

73 3641 170 3718 ditur,
194 3643 235 3707 ita
257 3664 274 3707 a
296 3647 401 3724 nobis,
424 3650 475 3713 ubi
497 3651 613 3714 occasio
642 3673 676 3716 se
705 3654 802 3730 dedit,
834 3656 992 3738 conjuncte
1016 3665 1177 3721 tractatum

74 3757 139 3824 est3
164 3757 195 3810 et
216 3757 250 3810 ut
270 3748 424 3832 adjectivis
445 3752 721 3842 incomparabilibus
744 3757 884 3821 adverbia
904 3756 1041 3842 μᾶλλον
1066 3769 1096 3822 et
1113 3748 1176 3842 ἤτ-

73 3872 135 3916 τον
158 3850 288 3935 subsidio
309 3850 456 3928 veniunt,
487 3855 530 3921 sic
553 3877 606 3934 ea,
636 3878 711 3941 quac
739 3879 799 3922 nno
830 3879 941 3944 genere
964 3872 1018 3926 aut
1039 3861 1073 3925 ad
1094 3880 1176 3924 snm·

74 3973 153 4017 mom
176 3954 288 4018 duobus
311 3953 525 4037 continentur,
555 3971 695 4024 neutrum
724 3971 899 4026 mutuentur
925 3963 962 4026 ab
991 3963 1050 4028 alia
1077 3962 1175 4027 forma

73 4040 123 4124 vel
145 4058 276 4142 ejusdem
298 4056 457 4144 temporis,
479 4058 711 4150 ρεελιάρατοε,Δ
725 4060 947 4153 νιφόβλητος,
968 4058 1171 4154 deddpepeoe
