2506 4492
235 190 295 257 DE
321 188 512 269 mutuor.
535 187 754 270 lumoutt.
784 188 827 257 11.
851 191 904 258 111.
927 192 957 278 5.
980 192 1014 260 4.
1101 192 1176 265 968

59 367 138 464 φής,
163 365 453 460 φιλογυμναστής,
472 391 527 455 pro
548 390 606 456 quo
628 367 896 461 pctopupooiocor
916 371 975 436 diei
994 382 1123 458 poterut,
1140 386 1176 440 ut

64 466 304 554 αὐτεξούσὶος,
343 464 573 562 φιλοκαλῆσιος
601 473 739 538 Eusteth.
770 475 823 540 Or.
852 473 947 538 XLII.
979 494 1009 558 p.
1033 474 1088 552 85,
1117 476 1172 541 91.

62 578 166 644 Unum
188 598 230 640 ox
253 575 299 640 his
323 563 495 640 femininum
516 575 694 659 positionem
715 576 842 641 sortitur
861 575 1092 662 παμβασίλεια
1113 600 1175 644 non

59 681 202 746 motione
224 689 259 742 ut
278 679 352 742 mihi
373 678 503 751 videtur,
527 677 580 741 sed
601 679 836 762 eompositioue;
860 700 917 743 neo
938 676 1177 765 δαςαριστοτό·

63 807 143 851 ντια
163 803 182 848 ι
203 782 369 846 musoulino
389 790 556 865 promotum
578 781 727 859 dixerim,
753 783 839 866 eujus
860 782 1029 866 exemplum
1051 784 1174 850 minime

65 873 185 953 eertum
215 895 263 948 est
290 883 513 947 Callimachium
543 882 714 957 δαςτοκέες
740 881 862 957 τοκέες.
924 883 969 947 At
998 877 1176 972 oippopmie

69 991 242 1066 ineuntur,
275 986 343 1070 quia
371 1004 484 1069 genere
511 995 620 1049 neutro
649 985 838 1070 supersederi
860 1006 921 1050 non
943 995 1071 1070 poterat,
1093 989 1176 1074 τὴν·

66 1091 153 1156 etiva
175 1087 293 1151 mobilia
314 1082 547 1181 iexdmpopoe,
575 1078 829 1175 μοριοῖμφορος,
853 1089 937 1171 quusi
959 1089 995 1152 uh
1018 1081 1176 1177 ἅμφορος

63 1203 105 1257 nt
125 1185 314 1276 οἷνάφορον,
333 1189 492 1274 amphora.
536 1188 612 1252 Huie
638 1191 776 1273 proxima
795 1201 869 1254 sunt
891 1190 1035 1255 voeabula
1056 1212 1196 1256 mensu*

64 1315 172 1359 rerum
195 1283 374 1368 δωδεκτύο,
404 1281 554 1378 surreie,
584 1289 715 1368 ἐκτεύς,
740 1295 824 1378 eujus
845 1291 964 1379 dimidiu
985 1312 1054 1377 pers
1075 1289 1176 1379 ἡμιο-

66 1392 168 1469 ντεύς
190 1394 239 1479 (ut
252 1388 453 1480 ήμικοτύλη,
475 1390 717 1480 permittemur,
737 1393 917 1485 ἠμίχορος)
937 1394 1058 1471 dieitur,
1081 1399 1108 1460 si
1128 1396 1177 1460 iu·

66 1509 159 1583 tegra
183 1506 234 1588 est
260 1497 397 1579 Erotiuni
424 1496 524 1581 glossa
549 1490 734 1582 Ἦμιεντὲα
760 1493 799 1562 τό
826 1493 935 1583 ἥμισυ
967 1496 1030 1563 τοῦ
1059 1498 1176 1566 ἑκτέον

70 1597 223 1685 (ἑκτέος)
245 1619 301 1662 neo
323 1593 493 1670 tumen'hoo
506 1599 582 1682 opud
599 1599 804 1683 Hippocratem
820 1599 943 1684 legitur,
958 1600 1011 1663 sed
1026 1601 1063 1663 ub
1081 1608 1178 1675 ἕκτος

68 1701 266 1787 compositum
287 1696 451 1786 ἡμίεκτον
470 1698 550 1764 Mul..
569 1699 613 1774 11.
632 1698 707 1765 769.
730 1700 766 1763 Τ.
794 1699 832 1764 lt.
859 1702 895 1765 de
916 1701 1044 1786 Aphoris
1066 1724 1096 1787 p.
1119 1701 1174 1777 28.

68 1817 103 1870 et
123 1804 179 1871 29.
208 1803 244 1868 Τ,
269 1801 320 1866 111.
351 1813 384 1866 et
411 1802 501 1866 Dion.
526 1802 599 1866 Chr.
623 1802 690 1868 vtl.
714 1801 789 1867 136.
819 1802 903 1867 Paul.
926 1803 1003 1888 Aeg.
1028 1804 1094 1868 vlt.
1117 1804 1173 1882 26,

67 1907 147 1977 305.
177 1926 288 1992 genere
317 1915 426 1968 neutro
454 1915 489 1968 ut
514 1899 722 1993 α’μφίεκτον,
757 1907 809 1970 sed
839 1901 857 1972 ὅ
886 1901 1045 1992 ἤμίεκτος
1073 1906 1174 1972 Senot.

69 2011 168 2076 Arist.
192 2007 288 2083 Nubb.
310 2004 388 2077 645.
419 2007 469 2093 qui
491 2007 616 2071 alterum
645 2008 769 2073 formam
791 2005 989 2095 ἡμιεκτέον,
1012 2009 1104 2092 (unde
1127 2012 1175 2084 εἰς

68 2107 132 2181 δύο
154 2109 314 2197 ἦμιέκτεα
345 2109 378 2172 in
407 2107 504 2174 inser.
535 2110 652 2175 Olbian.
682 2109 723 2176 Ν.
751 2110 848 2177 2958.
879 2111 916 2175 Α.
941 2109 1013 2196 75.)
1044 2112 1178 2197 prueiert

69 2214 192 2300 uulgari
213 2208 424 2297 ἡμιεκταϊον,
447 2231 522 2294 quae
544 2212 581 2275 ad
596 2214 725 2298 simplex
743 2221 878 2282 ἑνταῑον
892 2216 1084 2304 (ιιῐχοαῑον)
1105 2234 1178 2279 een·

68 2320 140 2381 ‹lem
163 2314 310 2378 rationem
333 2313 434 2393 habet,
457 2334 544 2396 quam
568 2316 845 2400 τριταλαντιαῑον
857 2317 894 2379 ad
908 2318 1129 2384 ταλαντιαῖον
1142 2338 1175 2382 v.

68 2420 108 2484 ud
131 2417 246 2503 Phryn.
270 2437 300 2500 p.
324 2414 398 2480 544.
423 2437 469 2500 sq.
494 2415 611 2480 Nomen
631 2412 728 2506 χοεύς
747 2417 908 2481 Elmsleius
929 2419 965 2480 ud
987 2417 1063 2481 Aeh.
1078 2417 1174 2483 1013.

67 2520 226 2610 putoribus
247 2517 380 2602 ignotum
402 2517 496 2582 fuisse
518 2530 696 2595 asseverem
719 2539 754 2582 ue
776 2518 803 2581 si
826 2518 904 2601 quis,
928 2519 1004 2602 quod
1025 2517 1076 2583 iiie
1091 2519 1177 2596 feeit,

70 2622 211 2689 omnihus
233 2620 320 2698 loeis,
343 2620 393 2683 ubi
413 2619 475 2710 poni
501 2631 532 2684 et
552 2620 634 2710 χοᾶς
650 2620 773 2705 legitur,
796 2631 984 2706 perexptere
1000 2620 1176 2698 subdiderit,

69 2718 252 2818 peierantem
275 2734 307 2786 et
327 2718 419 2811 χόας,
443 2722 493 2787 ubi
513 2723 646 2787 ultimum
668 2722 787 2808 longum
808 2722 928 2804 hubent,
952 2724 1094 2808 producte
1109 2742 1178 2789 esse

69 2827 188 2892 dixerit
204 2837 236 2889 ut
256 2824 400 2913 βασιλέᾶ
420 2838 451 2890 et
471 2827 648 2915 βασιλέᾶς,
663 2848 713 2891 res
729 2825 912 2890 eonolemutu
933 2826 1010 2905 erit3
1036 2827 1088 2895 soti
1109 2846 1179 2910 pro·

71 2935 153 2997 ieeto
174 2928 254 3020 χοῦς
275 2938 307 2991 et
327 2923 486 3015 βασιλεύς
513 2928 677 3014 eompururi
704 2946 765 2992 non
788 2939 931 3012 possunt,
955 2949 1012 2991 neo
1034 2920 1130 3016 poesie
1159 2947 1178 2992 e

71 3033 193 3116 seriptis
215 3043 351 3097 veterum
375 3026 584 3110 cronicarum
619 3031 667 3096 oui
688 3030 796 3095 similia
817 3040 889 3093 sunt
908 3029 1178 3121 instrumentorum

73 3133 199 3201 nomina
218 3133 353 3198 meritolio
374 3127 553 3221 οτροφεύς,
584 3123 740 3218 ouopmie,
763 3129 904 3219 φορούς,
925 3123 1073 3217 νομεύς,
1095 3155 1179 3222 τρο-

72 3235 159 3311 πεύς
181 3235 312 3323 (plurale
327 3238 511 3320 utrumque),
526 3227 668 3323 poyeio,
690 3220 840 3321 rumpetis,
861 3243 892 3298 et
905 3254 1113 3298 mensurarum
1126 3255 1179 3320 pu·

73 3361 221 3426 rouymu,
249 3360 324 3422 quae
346 3341 432 3403 modo
453 3338 560 3415 attuli,
589 3328 755 3411 docimesio
774 3347 833 3412 etp.
879 3334 981 3420 itaque
1002 3336 1066 3403 τοῦ
1091 3335 1178 3427 punio

70 3446 143 3530 jure
164 3443 316 3507 retinetur
335 3440 429 3505 Arist.
453 3442 522 3511 Pae.
547 3439 621 3504 537.
643 3440 707 3506 τοῦ
728 3437 830 3528 χοὲως
861 3437 948 3502 Sext.
979 3459 1008 3503 e.
1028 3437 1125 3524 Phys.
1149 3436 1175 3503 1.

74 3546 151 3611 613.
184 3544 291 3607 Guleu.
323 3543 359 3612 de
382 3542 485 3625 Gomp.
509 3542 588 3605 Med.
618 3563 648 3626 p.
671 3542 762 3605 Leon.
793 3539 846 3604 Vl.
870 3537 944 3606 932.
975 3540 1011 3604 Τ.
1035 3540 1106 3605 Χ11.
1129 3529 1177 3629 τῷ

74 3660 147 3740 poet
170 3646 366 3710 Buttmannus
388 3643 476 3708 offert
502 3643 533 3707 in
556 3642 619 3708 ind.
642 3643 731 3708 Nom.
755 3641 894 3706 Anomm.
924 3637 985 3710 τόν
1006 3642 1085 3733 χοὲα
1106 3642 1177 3725 Hip·

72 3771 159 3836 poor.
184 3747 221 3810 do
242 3749 336 3812 Morb.
362 3747 413 3820 111.
437 3745 513 3811 321.
536 3746 573 3809 ’1.
598 3745 638 3808 ΙΙ.
661 3767 748 3830 quem
769 3746 972 3811 uoousutivum
994 3745 1085 3809 ottioe
1101 3750 1177 3808 eon-

74 3852 156 3917 trahi
179 3860 211 3915 ut
235 3851 349 3936 Μηλιᾶ
371 3851 494 3925 adnotet
515 3848 619 3912 Suidus
648 3869 675 3913 s.
697 3840 828 3932 Ἀτρέα,
851 3849 939 3932 idque
959 3846 1076 3930 saepius
1101 3844 1177 3929 legi·

76 3965 128 4018 tur
158 3953 235 4038 apud
265 3952 401 4018 Comioos
430 3975 463 4018 v.
485 3951 599 4015 Aneed.
636 3971 666 4034 p.
690 3947 784 4013 1431.
815 3951 951 4041 χοεὺοιν
985 3946 1067 4033 (eod.
1096 3945 1175 4034 χοῦ-

77 4054 148 4143 οιν)
171 4055 298 4120 Aristot.
324 4055 359 4122 de
382 4055 459 4121 Gen.
483 4064 515 4121 ut
539 4053 598 4118 lut.
622 4052 648 4117 1.
671 4049 724 4118 10.
750 4075 779 4139 p.
803 4051 878 4128 328,
903 4050 957 4119 27.
1001 4048 1176 4118 Aeousetivi
