2506 4492
84 188 156 264 928
435 178 751 255 DISSERTATIO
779 180 843 253 ΙΙΙ.

86 367 281 459 Πολύνησς,
297 363 498 454 Κλυτόνηος
514 378 547 432 et
563 366 773 453 appellativum
787 360 958 454 α’κρένηον
972 365 1015 435 vd
1028 366 1092 456 τῆς
1109 367 1180 445 vuele

83 474 190 567 ὄαρον
209 476 292 539 Snid.
313 471 441 556 simplex
458 481 558 534 autern
574 481 622 534 ast
638 465 735 556 νήὶσς
750 481 786 535 nt
801 462 917 558 ηρήΐος
931 471 1036 557 Etyn.
1053 473 1097 537 ll.
1114 471 1179 549 ott,

84 581 138 651 20.
163 581 298 645 Cramer.
316 574 430 639 Aneod.
451 572 489 637 ll.
509 571 584 639 286.
608 571 633 635 l.
652 570 728 638 tot.
752 575 830 637 nude
851 586 947 642 νεῖον
967 571 1009 640 cd
1027 574 1093 660 τῆς
1111 571 1181 662 νηές

83 677 334 772 anthemidis
360 670 460 754 ξύλον
486 672 705 751 11.121,18.
736 677 926 761 ejusdemque
953 677 1071 741 vocalis
1097 678 1182 742 inter·

83 799 177 854 ventu
202 785 357 870 linguntur
380 779 566 844 substantiva
590 776 769 857 δσναναλα,
795 784 998 856 menoccle,
1027 789 1065 843 ut
1087 801 1182 847 ano·

83 884 206 962 λέλασς
230 885 415 961 πσλνλαΐα,
447 900 612 964 quanquam
636 881 783 966 adjectiva
807 882 881 946 haec
907 902 968 945 non
997 883 1183 965 reperiuntur

82 1017 118 1061 ao
140 995 268 1056 fortasse
289 1007 328 1050 ne
350 993 518 1069 praesumta
540 982 657 1067 quidem
680 994 762 1057 sunt,
786 984 898 1048 duohns
918 983 1089 1048 nominihus
1108 983 1183 1050 δέκα

84 1096 180 1184 νῆες,
201 1085 308 1162 wolde
329 1081 425 1166 λαός,
447 1083 479 1148 in
501 1106 593 1149 unum
615 1086 851 1151 coalescentibus
872 1097 907 1150 ut
925 1084 1120 1173 νουμηνία,
1140 1091 1184 1154 la-

84 1192 250 1288 ρομηνέα,
271 1185 501 1277 αοτρακωμέα,
523 1186 791 1278 πεντεδραγμέα,
808 1192 1023 1275 pentcproh'a.
1061 1190 1116 1255 Eis
1134 1211 1182 1254 ex·

84 1299 187 1388 positis
210 1295 267 1358 duo
288 1292 325 1356 ad
347 1291 568 1356 deliberandum
589 1300 705 1354 restant
726 1290 868 1377 Aeschyli
889 1292 1037 1356 vocahula
1058 1293 1181 1357 maxime

83 1388 284 1491 αἰσχσληροέ,
320 1394 435 1467 ἑλένας
465 1403 496 1456 ct
524 1386 643 1465 σ’ἶνανς.
691 1391 751 1456 Ρισ
779 1392 832 1456 ἱΙΙσ
859 1393 1022 1477 Elmslejus
1052 1394 1181 1467 ἑλένανς

81 1504 172 1571 scribi
189 1501 293 1588 jubet,
324 1496 401 1581 qrrod
422 1495 549 1581 primum
572 1495 776 1558 necessarium
801 1515 862 1559 non
887 1506 951 1572 cst,
983 1495 1054 1579 qnia
1076 1496 1181 1568 ἑλένας

81 1620 113 1673 et
133 1628 152 1670 a
173 1603 274 1667 dorico
294 1601 376 1680 νας,
398 1601 483 1685 cujus
504 1598 639 1681 obliquos
660 1597 780 1682 Tragici
800 1608 964 1682 usurpant,
992 1600 1179 1682 compositum

81 1723 174 1776 etex
196 1704 331 1778 έλένασς
352 1712 538 1767 contractum
559 1699 654 1764 videri
675 1709 774 1783 potest
798 1711 834 1763 ut
855 1695 1014 1789 α’ρχέλας,
1034 1696 1180 1786 Στρατό-

78 1815 156 1893 λας,
176 1805 372 1896 Ἀγησίλας·
408 1804 483 1889 quod
505 1803 531 1866 si
553 1822 641 1866 seona
663 1812 761 1876 esset,
795 1812 895 1866 umen
917 1803 1065 1887 ejus-odi
1088 1803 1177 1868 lusan

80 1911 311 2002 etymologicum
343 1906 379 1970 ad
410 1904 649 1989 perpendiculum
681 1903 747 1988 quis
780 1903 906 1989 exigat?
950 1905 1069 1970 Deinde
1099 1916 1177 1970 vetur

79 2017 227 2100 scriptura
248 2009 367 2075 έλέναν
389 2007 444 2069 hoo
460 2006 680 2091 praestabilior,
704 2028 762 2091 quo
783 2005 820 2070 ad
842 2027 949 2070 sonum
968 2008 1082 2091 proprii
1098 2005 1177 2076 Ἑλέ-

78 2139 146 2184 ναν
172 2112 286 2177 acccdit
314 2109 446 2196 propius.
490 2102 626 2191 Ἑλσνᾷς
653 2117 771 2183 autem,
801 2109 831 2171 id
858 2119 905 2172 est
930 2110 1079 2190 diasath,
1109 2109 1177 2195 qnod

80 2213 326 2282 Schneidewinus
352 2210 388 2273 ad
411 2208 492 2295 lhyc.
516 2229 545 2293 p.
571 2207 645 2273 146.
673 2231 753 2295 praa
778 2210 925 2274 vocabalo
950 2211 1049 2276 m'hili
1073 2213 1176 2284 ἑλένας

78 2317 280 2392 commendat,
307 2312 525 2378 Grammaticac
546 2312 724 2376 adversatur
745 2314 977 2390 elementariae,
1005 2335 1083 2398 quae
1103 2315 1176 2400 Νη-

76 2423 154 2515 ρῇς,
176 2416 263 2508 dede
285 2427 316 2483 et
337 2415 476 2507 similiter
498 2416 566 2479 licta
587 2415 703 2500 relegat
725 2416 811 2478 ulae
832 2414 1050 2481 Summano.
1091 2417 1176 2505 Nym·

76 2527 181 2613 phana,
220 2542 295 2607 quae
323 2540 342 2582 a
368 2517 528 2584 Parthenio
557 2539 585 2581 c.
613 2516 667 2582 29.
697 2512 846 2607 Ἐχεναΐς
872 2529 1020 2594 vocatur,
1062 2518 1175 2583 hrevins

73 2625 190 2718 Ἑχένη
207 2624 264 2688 dici
282 2642 380 2706 posse,
401 2619 572 2683 Buttmauni
588 2619 688 2704 opinio
706 2621 763 2684 luit
780 2620 812 2686 in
828 2619 1040 2685 Friedcmanni
1052 2620 1174 2685 Miscell.

76 2729 115 2794 ll.
140 2727 171 2791 1.
195 2747 225 2810 p.
249 2724 303 2787 41.
326 2724 414 2806 idque
436 2743 546 2785 nomen
567 2721 726 2786 Theocrito
748 2723 865 2807 altingit
885 2721 952 2786 Vll.
977 2719 1032 2785 73.
1064 2735 1176 2789 etcum

73 2829 209 2915 Ἑλένη,
233 2818 379 2910 Κατανη
404 2835 565 2908 comparat.
611 2824 723 2889 Verum
751 2825 831 2888 eninr
857 2844 933 2889 vero
952 2818 1071 2911 Ἑλένη
1097 2824 1175 2890 femi·

76 2937 147 2999 nina
176 2942 224 2997 est
246 2927 353 3015 positio
379 2926 442 2991 τοῦ
457 2921 613 3007 Ἕλενος,
642 2937 676 2989 ut
696 2919 849 3006 Δαναός,
878 2922 1015 3012 Δανάη,
1046 2922 1175 3005 ολλσνος,

76 3036 199 3120 ὠλένη,
221 3035 356 3120 ἔβενος,
376 3028 488 3115 έβένη,
510 3050 608 3112 nequo
626 3028 733 3092 Catina
753 3030 790 3093 ah
809 3050 845 3092 eo
866 3029 956 3106 diota,
982 3029 1060 3114 qnod
1078 3028 1174 3093 condi·

76 3148 124 3201 tor
150 3137 232 3220 ejus,
263 3144 297 3198 nt
319 3132 483 3217 Stephanus
508 3132 568 3208 ait,
599 3129 684 3197 acad
708 3130 937 3206 adinvenerit,
971 3132 1026 3195 sed
1053 3131 1174 3216 simplex

74 3248 176 3305 estut
197 3233 216 3301 ὁ
235 3231 383 3309 adeonae
403 3239 525 3298 οοεέαασ
546 3232 596 3297 vel
616 3229 640 3318 ἦ
659 3225 789 3319 κατοίνη
809 3235 984 3320 aramum,
1007 3254 1068 3298 nee
1087 3252 1174 3318 pauca

74 3340 178 3427 oppida
202 3339 238 3401 ah
260 3337 468 3403 instrumentis
492 3335 680 3399 denominata
706 3346 777 3400 sunt
799 3334 990 3400 domesticis=
1019 3329 1173 3423 Ἀρνσαις

73 3434 220 3530 πρόχοος
250 3441 306 3506 καλ
332 3430 428 3513 πόλις
454 3434 582 3506 Ἰώνων
609 3438 719 3501 Athen.
743 3437 800 3501 Xl.
829 3435 904 3502 784.
927 3438 966 3500 Α.
996 3436 1041 3522 (p.
1067 3436 1171 3519 1041.)

71 3540 227 3631 Zoiyulp,
249 3538 404 3628 Κοτύλη,
427 3540 647 3631 Μαχαιροῦς,
676 3532 832 3630 Τροίπεζα
854 3550 914 3607 cto.
958 3538 1003 3604 De
1025 3538 1171 3604 Theocriti

72 3667 165 3713 versu
188 3639 261 3730 ᾆσεῑ
282 3640 316 3708 d’
335 3640 379 3717 ὥς
399 3667 489 3712 ποκα
510 3640 571 3716 τοὶς
592 3642 704 3720 ξενέας
724 3638 896 3730 ἠράσσατο
916 3633 1050 3728 Δάφνις
1071 3635 1171 3730 ὀβολ-

71 3774 148 3832 αας,
170 3749 358 3812 Hermannus
380 3746 412 3809 in
435 3747 542 3831 Opusc.
566 3745 602 3807 Τ.
622 3745 660 3809 V.
684 3743 738 3809 81.
761 3745 805 3808 ita
821 3745 953 3832 judicat,
980 3746 1084 3810 irritos
1104 3763 1169 3807 esso

72 3873 176 3917 omncs
190 3848 319 3915 nominis
332 3847 443 3934 proprii
455 3848 632 3914 restituendi
647 3854 772 3913 conatus
787 3868 822 3912 ac
836 3848 935 3937 potius
949 3847 1014 3924 ede
1028 3845 1134 3926 ξείνας
1141 3843 1169 3930 ⁹)

72 3994 280 4010 *ann—d

139 4083 168 4150 9)
183 4082 212 4135 ln
229 4081 267 4136 Id.
283 4077 314 4134 ΙΙ.
333 4080 391 4137 145.
411 4073 431 4134 ὅ
447 4098 477 4136 σο
495 4077 623 4137 neumae
637 4076 733 4150 pairac
749 4075 798 4136 cais
812 4099 843 4151 γε
857 4077 928 4151 ἐμοῖο
942 4072 1118 4152 αέληιρέδοσ,
1133 4075 1164 4128 in·
