2506 4492
68 204 116 271 28
444 196 754 264 DlSSEIlTATIO
786 197 811 263 l.

68 386 105 449 od
127 382 175 446 El.
195 377 289 446 1286.
320 400 444 465 quorum
472 380 553 465 prius
582 379 755 443 Eustatlrins
777 401 806 462 p.
831 376 885 454 99,
913 375 945 441 8.
976 374 1015 444 τό
1044 376 1174 452 ἐντελές

69 508 150 561 esso,
181 484 269 547 alteri
299 504 317 546 o
345 482 558 567 posterioribus
587 467 844 547 literonrlmore
873 479 985 543 aeolico
1008 481 1173 544 detractam

69 591 129 669 oit3
161 609 217 673 quo
239 586 275 649 le
298 607 331 648 ro
353 586 388 648 od
411 584 522 669 Phryn.
547 606 575 667 p.
601 582 655 648 39.
685 583 806 646 uberius
829 583 966 666 exposui.
1013 582 1173 647 Praetereo

68 691 132 755 iota
153 689 185 753 in
208 688 343 752 omnibus
365 688 430 750 fere
452 685 639 771 diphthongis
662 686 842 771 geminatur,
864 697 1038 771 μααιαῑος,
1060 686 1097 748 (lo
1118 706 1172 769 quo

69 791 257 876 supradixi,
279 787 461 867 Ἁλαιαῐος,
482 786 612 874 proterio,
636 789 838 873 Νεμειαῖος,
861 789 1011 867 Θειαῑος,
1041 790 1174 868 Molee·

68 908 156 972 atos,
171 896 350 980 Βεροιαῖος
365 892 534 977 (Βροιαῑοι
554 889 653 974 Suid.)
668 886 827 978 α’γαιαίοα
842 890 979 973 Sophool.
1000 891 1103 954 Herm.
1122 890 1171 953 Fr.

71 996 125 1060 lll.
147 994 253 1080 (211.)
265 992 380 1081 ποιοίη
394 993 548 1058 Demosth.
566 1015 595 1077 p.
613 990 688 1069 389,
713 993 744 1057 5.
770 991 910 1075 Xenoph.
930 992 1003 1078 Cpr.
1023 992 1075 1056 lV.
1093 992 1125 1069 5,
1139 990 1169 1056 8.

63 1086 232 1185 ⁸rnoeoipoev
260 1097 354 1161 Arist.
378 1097 458 1168 Avv,
484 1094 557 1161 172.
582 1099 725 1163 εἰοικαῖα
747 1096 943 1170 homericum,
975 1096 1081 1179 quibus
1104 1115 1171 1159 oon·

73 1202 178 1266 oinont
200 1200 292 1265 verba
315 1194 426 1271 οείεια,
450 1197 582 1279 κλείειν,
604 1196 724 1284 κρείεια
745 1198 891 1263 Artemii.
905 1197 942 1263 ll.
966 1197 1020 1274 12,
1044 1196 1120 1262 153.
1145 1211 1173 1263 et

71 1302 312 1388 monophthongo
335 1313 497 1387 temperato
515 1295 679 1389 'Aipetpio
702 1301 814 1364 Dionae
837 1299 988 1383 epitheton
1011 1311 1043 1364 et
1056 1296 1174 1387 Λητοί-

72 1431 126 1473 εια
148 1427 180 1468 ν.
207 1403 319 1468 Osann.
351 1407 439 1467 Anot.
468 1427 498 1488 p.
530 1402 602 1468 195.
632 1403 787 1484 Λαΐειος,
815 1399 1021 1479 Κλεινίειος,
1050 1403 1174 1494 ἐχίειος,

74 1503 302 1586 Νααπλίειος,
324 1506 400 1589 quod
422 1516 452 1569 et
474 1502 658 1580 Ναύπλιος
679 1507 787 1572 dieitur
807 1506 881 1568 Eur.
899 1505 951 1569 Or.
969 1503 1021 1570 54.
1048 1519 1079 1571 et
1103 1505 1171 1571 369.

72 1604 264 1697 Ἀμφίειον,
287 1607 435 1695 ταμιεία,
456 1605 618 1684 neonisio,
642 1631 695 1694 pro
714 1630 771 1692 quo
786 1607 860 1692 opud
874 1608 1021 1673 Zonaram
1035 1631 1064 1693 p.
1082 1606 1174 1674 1399.

71 1709 211 1779 roarolo
239 1722 325 1776 extat
350 1711 521 1776 Tittmanno
549 1712 756 1794 improbatum,
785 1710 837 1772 set
863 1731 971 1775 vereor
993 1733 1032 1775 ne
1054 1712 1171 1797 injurie.

72 1812 148 1878 Nam
162 1814 223 1879 iota
245 1825 314 1877 ante
333 1799 475 1879 {focile
497 1814 591 1897 premi
611 1813 757 1896 exemplis
778 1813 1061 1897 eoostntplnrimis3
1084 1812 1176 1902 ὑγεία

73 1936 105 1980 v.
124 1916 257 1979 Meinek.
278 1917 313 1979 ol
329 1918 409 1979 llon.
429 1939 459 2000 p.
478 1914 553 1980 379.
578 1914 751 1979 Schneider.
774 1916 809 1977 od
831 1915 906 1979 Plot.
932 1916 999 1980 civ.
1022 1916 1059 1979 T.
1076 1917 1100 1980 l.
1124 1918 1173 1983 21.

75 2027 109 2080 et
129 2038 204 2099 quae
226 2015 296 2081 huie
316 2018 440 2102 adjunxi
462 2020 498 2081 ad
521 2018 633 2103 Phryn.
657 2016 733 2081 493.
758 2013 853 2083 sileio
875 2041 905 2080 v.
922 2017 1036 2081 Loeell.
1061 2021 1099 2084 etl
1117 2020 1178 2082 Xo-

75 2117 166 2202 noph.
190 2140 218 2203 p.
242 2116 318 2184 291.
350 2132 494 2205 ταμεῖον
526 2143 556 2182 ν.
590 2119 754 2184 Berrrhnrl.
786 2121 821 2182 etl
853 2119 943 2183 Dion.
975 2144 1004 2205 p.
1029 2121 1104 2187 897.
1140 2118 1177 2189 oti

72 2214 290 2306 Ὀλυμπίειον
303 2244 333 2286 v.
350 2221 481 2310 lntorpp.
506 2224 542 2286 ad
554 2223 648 2286 Tlruo.
667 2222 717 2285 Vl.
736 2220 790 2298 64,
815 2222 845 2285 1.
860 2217 1026 2309 Ἄμφειον
1047 2226 1175 2290 Ellendt.

76 2322 114 2385 ad
134 2322 257 2387 Arrion.
281 2324 317 2388 T.
335 2323 359 2387 l.
391 2347 419 2409 p.
437 2324 490 2389 42.
510 2320 649 2392 ’Ἅλειοα
671 2326 780 2389 Athon.
798 2326 835 2389 V.
861 2324 935 2390 591.
958 2327 995 2390 Ε.
1020 2331 1098 2413 quotl
1122 2329 1178 2393 Eu·

75 2424 204 2490 stathius
228 2447 257 2510 p.
282 2426 377 2505 1562,
402 2427 453 2493 57.
492 2427 613 2493 Boeotis
644 2429 747 2492 tribuit
776 2425 834 2509 (τοί
852 2424 950 2496 ’Ἀλια
977 2431 1103 2497 Aristio.
1127 2432 1175 2496 01¹.

75 2526 185 2592 XLlll.
210 2527 284 2593 547.
302 2525 407 2599 Ἤλια
428 2531 539 2596 Julian.
555 2531 605 2596 Or.
619 2530 670 2594 lV.
689 2530 762 2596 159.
786 2532 838 2617 C.)
860 2526 1062 2618 ’Λοκλήπεια
1086 2531 1176 2596 lnsor.

76 2628 115 2695 N.
132 2628 217 2695 1124
238 2642 269 2695 et
290 2630 384 2697 1186.
407 2632 599 2719 Λικύ,ιιιέια
621 2626 775 2719 ὀνόματα
804 2645 836 2698 ut
861 2657 941 2699 nuno
962 2634 1105 2699 scribitur
1129 2655 1179 2719 pro

78 2725 255 2816 Λικιίμαια
277 2733 353 2797 Plat.
370 2734 496 2799 Phoolr.
509 2736 584 2801 267.
610 2736 645 2798 9.
670 2758 727 2819 qua
749 2735 888 2820 adjectivi
910 2740 1006 2801 forma
1024 2737 1178 2822 Euripides

76 2856 150 2899 usos
181 2844 228 2899 est
257 2834 356 2899 Sohol.
389 2836 484 2899 Arist.
508 2837 588 2901 Avv.
614 2837 707 2903 1242.
737 2833 880 2927 Γόργεια
903 2835 1042 2927 ῥήματα
1072 2842 1179 2906 Athen.

76 2940 135 3003 Xl.
167 2937 242 3007 594.
271 2937 398 3023 Dionys.
419 2928 482 3021 'Ep
511 2941 546 3002 ael
575 2940 677 3027 Pomp.
703 2940 740 3004 H.
764 2941 797 3020 6,
830 2941 902 3007 799.
933 2943 1179 3008 v.Bornemann.

78 3043 116 3105 od
133 3042 234 3127 Spmp.
260 3064 287 3126 p.
306 3039 349 3105 84
364 3041 423 3120 ²⁴).
470 3042 532 3105 Hoo
554 3042 615 3107 iota
636 3055 734 3106 autem
757 3066 846 3127 quum
861 3046 1035 3109 Eustathius
1058 3070 1088 3131 p.
1107 3045 1180 3121 351,

79 3141 132 3208 39.
160 3144 193 3207 in
221 3140 318 3231 ripole
340 3155 371 3209 et
390 3137 519 3214 Βοίτεια
542 3167 603 3208 non
625 3147 777 3225 omissum,
803 3151 854 3212 sol
876 3149 908 3212 io
930 3147 1064 3232 pleniore
1088 3151 1182 3213 forma

78 3245 287 3329 interpositum
310 3268 377 3311 osse
398 3257 520 3322 statuat,
545 3249 725 3311 contrarium
744 3252 871 3316 traditur
883 3253 914 3314 in
928 3252 1029 3338 Etym.
1043 3253 1085 3315 M.
1106 3250 1180 3328 774,

79 3347 134 3412 35.
156 3344 179 3434 ἦ
200 3344 295 3437 ιίγεία
319 3360 351 3413 et
371 3347 413 3417 τοί
434 3346 659 3417 Ἀπολλιίαεια
685 3354 763 3417 orosi
785 3365 917 3418 coartato
939 3375 1025 3429 esse,
1057 3376 1185 3438 quorum-

78 3451 227 3536 posterius
254 3456 389 3535 proxime
411 3455 446 3517 ab
475 3449 647 3520 Ἁπόλλων
674 3455 852 3519 declinatum
875 3467 932 3532 est,
963 3453 1060 3544 ὑγεία
1083 3468 1181 3520 autem

80 3562 113 3616 et
133 3553 248 3638 plurale
270 3551 379 3643 ιίγεῑαι
401 3556 532 3641 Simplio.
555 3557 588 3620 in
603 3557 698 3621 Enoh.
716 3556 769 3634 38,
793 3557 866 3624 391.
888 3569 1043 3622 nocentum
1065 3581 1083 3622 a
1107 3559 1185 3623 orosi

79 3656 245 3740 proiectum
275 3669 417 3738 ostentet,
449 3660 508 3724 nisi
537 3661 602 3745 quis
630 3682 671 3725 ex
699 3672 802 3726 vetere
832 3661 927 3725 forma
955 3661 1056 3727 Attica
1076 3659 1186 3750 ὑγιεία

149 3913 196 3979 24)
211 3915 253 3967 Ex
271 3918 373 3988 Synosii
391 3919 460 3982 loeo,
480 3936 553 3989 quom
572 3921 659 3973 notavi
676 3922 709 3972 od
726 3921 823 3990 Phryn.
845 3937 869 3989 p.
886 3919 945 3974 371.
965 3923 1106 3991 γοργιαῖοο
1123 3920 1182 3973 roti-

82 4008 128 4053 net
144 4001 269 4070 losephns
294 4006 401 4077 Synops.
421 4006 496 4060 Rhot.
519 4007 550 4062 T.
573 4007 615 4060 lll.
637 4008 696 4062 539.
721 4008 851 4079 γοργίειος
872 4007 969 4077 recepit
985 4005 1135 4076 Hruegerus
1154 4006 1185 4059 oti

81 4086 187 4158 Dionys.
207 4106 232 4158 p.
248 4092 289 4147 18.
