2506 4492
15 4336 29 4437 λ
87 4428 95 4437 ,

88 237 159 305 roo
444 191 757 303 orssunru'rto
786 235 831 302 u.

87 415 238 480 nominum
262 415 294 478 in
315 399 387 490 αὐῖ.
415 415 600 480 Herodianus
620 441 658 483 ετ.
675 416 770 483 Mon.
790 438 820 499 p.
837 414 891 491 41,
907 416 961 483 21.
985 412 1086 483 οὐδὲν
1110 411 1192 485 ὅνο-

84 542 139 603 για
164 520 211 590 εἰς
237 504 301 595 aba}
324 517 429 604 λῆγον
452 515 606 604 θηλυκὸν
630 514 714 585 υἷλλοί
735 510 847 604 μόνον
868 516 906 585 ed
926 519 1047 606 γλαυξ·
1083 545 1192 607 προς-

85 618 195 706 tenuo
216 619 252 686 dd
272 617 441 706 θηλυκόν,
465 628 524 687 ἵνα
543 617 665 706 μήτις
686 619 724 686 τὸ
753 620 845 698 Tadi
866 617 1012 711 α’ντιθῄ·
1043 627 1192 710 ἱστορεῖ-

83 747 141 788 ται
163 719 226 809 γοίρ
252 720 351 798 οὗτος
373 721 530 809 ποταμὸς
553 724 630 808 περί
655 721 822 790 Σικελίαν.
867 725 911 788 De
937 735 1064 788 accentu
1089 726 1191 788 admo·

84 837 137 889 net
157 825 259 912 Etym.
279 826 322 890 M.
345 849 375 910 p.
394 824 453 901 36,
477 825 528 889 53.
554 822 654 893 οὐδὲν
677 829 724 899 είς
738 812 765 903 ἶ
781 826 986 912 περισπᾶται
1009 827 1099 909 (adde
1122 821 1190 894 tired

85 920 280 1015 φωνήεντος
296 922 517 1018 α’ρχιίγιενον)·
541 927 579 994 τὸ
593 927 714 995 τοίνυν
736 931 789 1006 αἴξ
803 922 965 1009 ὀξύνεται,
986 927 1024 994 τὸ
1045 928 1080 995 δὲ
1100 929 1191 1016 Θρᾷξ

83 1030 290 1117 περισαᾶται
310 1031 367 1097 not
386 1032 424 1097 τὸ
446 1031 549 1106 Ἰλιείξ.
579 1031 753 1096 Mentissam
771 1033 872 1116 adjicit
887 1031 1056 1096 'l'ecbnious
1072 1032 1186 1096 Anccd.

82 1153 112 1217 p.
139 1131 232 1199 1230.
270 1132 366 1200 παῖσα
396 1130 562 1219 αἰτιατική
590 1138 637 1207 εἰς
664 1118 695 1200 α
719 1128 891 1221 διφθόγγῳ
922 1133 1189 1222 παραλιγγογιὲνιγ

81 1236 371 1323 προπεριστοῑται,
394 1234 469 1303 οἷον
489 1236 635 1324 γλαυκα,
658 1237 779 1313 ιιαυιια,
800 1249 942 1321 προῖκα,
964 1236 1056 1328 αἶγα,
1080 1236 1189 1312 δαῖτα,

82 1339 134 1402 sed
162 1338 235 1401 illud
261 1330 343 1413 ναῦξ
370 1339 437 1422 quid
465 1339 524 1414 sit,
558 1339 711 1416 nescitur3
752 1340 783 1403 in
811 1338 910 1403 Gloss.
939 1338 1048 1424 Cyrill.
1079 1339 1189 1424 legitur

81 1438 189 1506 ιιαῦιια
202 1451 331 1525 potera,
353 1462 428 1527 quae
448 1439 572 1515 ναῦαος
588 1442 644 1505 dici
663 1441 759 1519 solet,
783 1442 858 1526 apud
875 1440 1056 1527 Hesychium
1073 1445 1188 1528 Κραυ-

80 1537 123 1630 γή
144 1535 280 1629 νόσημα
300 1541 463 1610 παιδίων·
489 1543 547 1610 καλ
567 1541 630 1630 γοίρ
652 1541 797 1629 ἠνραυξ
823 1542 958 1630 σεριιγία
980 1544 1074 1609 ἐστίν
1096 1542 1190 1630 ἠλε-

81 1646 210 1734 γογιένυ
230 1642 419 1732 βασκανία,
449 1646 498 1709 ubi
520 1647 596 1730 quod
619 1645 778 1729 Sopingius
801 1646 957 1710 substituit
976 1645 1084 1733 γραυς
1107 1668 1189 1732 egre·

81 1749 128 1834 gie
142 1748 286 1813 convenit
307 1769 373 1813 eum
396 1745 542 1833 σεριφία,
568 1748 620 1810 sed
642 1747 747 1830 ιιραυξ
773 1749 866 1831 magis
890 1770 955 1811 cum
978 1749 1110 1840 κραυγῇ
1132 1750 1189 1813 ola·

79 1873 231 1916 mosorum
252 1851 430 1925 infantium,
454 1870 541 1931 quam
563 1848 743 1923 nutriculae,
768 1859 802 1911 ut
823 1849 954 1926 videtur,
977 1850 1187 1917 festinantium

80 1953 171 2018 livori
193 1952 373 2015 tribuebant.
416 1950 473 2014 Sed
496 1951 568 2015 bueo
590 1951 621 2014 in
645 1953 817 2036 conjectura
838 1951 946 2036 posita.
992 1952 1137 2018 Ceterum
1158 1954 1188 2018 in

79 2054 182 2138 Etym.
203 2052 280 2115 Gud.
301 2051 375 2129 512,
397 2051 448 2116 15.
473 2049 632 2118 οὐδέποτε
653 2052 841 2142 ιλίφθογγος
863 2057 909 2127 είς
931 2052 1076 2122 διπλοῦν
1098 2048 1189 2144 λήγει

79 2151 170 2240 πλήν
194 2154 256 2220 τοῦ
284 2153 396 2240 προίξ,
430 2156 619 2219 manifestum
647 2166 694 2218 cst
721 2167 788 2238 post
814 2154 1008 2243 δίφθογγον
1036 2159 1186 2222 excidisse

79 2259 172 2321 verba
193 2253 261 2322 αἰτό
282 2256 344 2323 τοῦ
365 2243 598 2347 ου’ρχογιίνης
638 2278 706 2321 nam
734 2269 767 2321 ut
794 2270 896 2323 cetera
917 2259 1113 2342 ignoraverit
1135 2260 1185 2323 bu·

74 2360 126 2445 jus
142 2361 264 2425 canonis
278 2359 471 2444 perscriptor,
495 2360 733 2445 vulgatissimum
759 2382 867 2424 nomen
889 2357 992 2449 γλαῦξ
1017 2382 1085 2425 euru
1103 2362 1183 2426 nullo

79 2474 164 2547 pacto
186 2464 394 2548 subterfugere
416 2463 523 2547 potuit,
547 2464 582 2527 de
605 2464 690 2547 cujus
713 2462 811 2526 tonosi
833 2463 924 2526 attica
937 2464 983 2548 ³⁶)
1002 2462 1136 2529 loannes
1155 2486 1183 2550 p.

41 2655 43 2658 Ι
78 2563 112 2640 7,
136 2562 190 2632 26.
213 2565 357 2650 multique
379 2565 430 2629 alii
452 2565 567 2649 loquuti
587 2578 660 2632 suut
680 2590 712 2632 v.
736 2567 773 2629 ad
795 2565 909 2652 Pbryn.
934 2588 963 2650 ρ.
988 2563 1043 2631 76.

142 2865 280 2942 Σποίνια
303 2868 345 2940 τοί
368 2875 415 2946 εἰς
435 2858 479 2949 ἕξ,
502 2872 585 2958 κρέξ,
607 2871 727 2954 ἐπίτεξ,
750 2875 854 2951 Λέλεξ
875 2874 1012 2940 Eustath.
1036 2897 1067 2960 p.
1088 2875 1182 2956 1922,

78 2973 110 3041 8.
133 2977 341 3061 Theognostus
356 2975 394 3039 ll.
414 2973 486 3038 132.
511 2976 591 3038 addit
609 2977 844 3062 monosyllabum
863 2979 916 3054 λέξ
935 2990 965 3042 et
983 3001 1013 3062 p.
1030 2976 1086 3043 40.
1111 2998 1182 3064 qnae

79 3099 169 3162 supra
189 3079 332 3165 syllabam
354 3089 443 3142 sunt:
472 3077 599 3165 Βίβρεξ
621 3073 732 3165 ὄνομα
755 3085 897 3159 ἔθνους,
921 3076 1064 3169 οίγχίτεξ,
1086 3104 1182 3148 τινυ-

78 3174 189 3260 veltet,
225 3181 360 3265 idemque
387 3180 464 3245 banc
493 3182 733 3246 terminationem
761 3205 914 3269 perraram
942 3204 1009 3247 esse
1039 3194 1178 3251 testatur.

78 3285 128 3348 Ex
154 3305 210 3368 quo
239 3283 382 3367 emergit,
417 3303 472 3346 cur
496 3282 603 3346 Graeci
630 3306 786 3351 romanum
810 3286 950 3370 Simplex
975 3285 1009 3348 in
1035 3283 1181 3372 Σίμιιλιξ

77 3386 228 3453 verterint
254 3385 310 3449 Dio
336 3385 422 3449 Cass.
446 3385 540 3448 LXV.
569 3385 621 3450 17.
647 3391 795 3473 princepe
821 3390 852 3451 iu
881 3385 1026 3474 πρίγιιιψ
1053 3387 1178 3472 Nioepb.

80 3489 172 3574 Greg.
196 3487 247 3552 lll.
272 3488 310 3565 5,
334 3487 387 3555 12.
412 3487 450 3551 Α.
496 3488 554 3550 Sed
576 3489 763 3573 dispiciamus
786 3490 916 3574 singula.
961 3489 1179 3554 Grammaticus

77 3591 245 3678 inAnecd.
269 3590 391 3653 Barocc.
417 3611 447 3674 p.
470 3588 545 3653 418.
578 3613 665 3675 quum
690 3590 840 3654 docuisset
863 3593 983 3655 nomina
1008 3593 1040 3656 iu
1059 3578 1091 3668 ἷ
1108 3613 1180 3658 exe·

77 3695 162 3761 unda
190 3691 288 3758 vocab
314 3692 400 3757 brevi
426 3713 480 3777 per
507 3679 528 3758 εἶ
552 3693 713 3772 declinari,
745 3692 826 3757 illico
848 3693 967 3779 subjicit
994 3693 1029 3760 τί
1051 3687 1116 3763 οὖν
1142 3690 1178 3760 τί

77 3849 287 3870 .--“““

146 3951 192 4018 36)
215 3944 306 4013 Γλαίξ
321 3949 429 4002 Aristot.
450 3949 480 4000 Η.
500 3949 566 4002 Aun.
586 3948 632 4002 IX.
652 3952 677 4006 2.
698 3950 749 4016 (l.)
771 3950 797 4002 3.
821 3951 866 4002 sed
886 3951 977 4003 ibidem
995 3950 1026 4005 ΙΙ.
1048 3952 1092 4010 12.
1111 3948 1176 4020 (ll.)

74 4038 121 4091 tt.
141 4045 169 4089 et
184 4038 244 4099 aliis
261 4037 324 4088 locis
340 4025 426 4107 γλιαίξ
443 4043 472 4088 ut
489 4035 616 4103 Theopbr.
636 4038 667 4087 de
686 4036 756 4101 Sigu.
773 4036 848 4089 Pluv.
864 4037 907 4090 tv.
925 4038 950 4100 3,
966 4037 1026 4090 ⁷98.
1045 4034 1175 4102 Γλαῦξ-

67 4129 118 4178 nal
127 4119 220 4194 φυτόν
226 4143 255 4179 τι
262 4123 375 4194 Hesycb.
389 4121 471 4211 γλαίξ
481 4119 540 4177 πόα
550 4120 682 4193 γιίλαιααε
692 4115 832 4197 γεννητική
842 4123 915 4177 Paul.
923 4124 987 4190 Aeg.
996 4124 1053 4179 V11.
1061 4125 1123 4184 234.
1131 4125 1171 4183 lb·
1221 4142 1223 4189 ἦ
