2506 4492
286 1041 673 1134 DISSERTATIO
710 1045 945 1134 TERTIA.

133 1231 201 1295 nn
244 1230 593 1298 nnrncrrvrs
636 1229 1095 1318 lunonrnrnus.*)

57 1420 206 1504 Miretur
222 1436 351 1500 fortasse
366 1433 473 1518 aliquis
489 1433 516 1498 si
540 1437 692 1519 professus
709 1438 808 1514 fuero,
828 1436 936 1521 longos
964 1434 1034 1499 illos
1053 1435 1089 1498 de
1107 1455 1170 1498 mo·

57 1536 223 1623 nosyllabis
241 1549 274 1602 ct
289 1537 472 1621 metaplastis
491 1558 646 1602 sermones
666 1560 707 1602 ex
723 1540 914 1603 adnotatione
931 1540 968 1602 ad
981 1539 1030 1624 Aj.
1047 1560 1079 1602 v.
1093 1536 1169 1602 323.
1220 1628 1225 1638 „

58 1637 167 1724 (325.)
194 1640 385 1724 profluxisse.
432 1639 487 1704 Ubi
509 1661 598 1724 quum
624 1641 767 1725 scriptum
793 1652 874 1705 esset
894 1643 1013 1727 βοτοῑς
1035 1639 1171 1727 σιδηρο-

56 1743 181 1828 aperiet,
210 1743 243 1806 in
265 1743 396 1806 editione
418 1743 512 1827 prima
534 1743 628 1806 muita
650 1741 791 1828 proposui
817 1742 981 1806 consimilis
1006 1743 1172 1825 inaequali·

56 1846 128 1908 tatis
155 1844 304 1928 exempla.
350 1845 458 1909 Postea
483 1867 557 1910 vcro
584 1846 725 1909 diuturna
748 1845 793 1908 rei
816 1845 1026 1908 observatione
1050 1865 1069 1908 a
1090 1859 1172 1907 com·

56 1947 163 2030 positis
186 1949 339 2011 traductus
362 1969 427 2012 snm
449 1947 486 2012 ad
508 1949 653 2033 simplicia
675 1969 736 2011 non
756 1947 853 2011 solum
874 1947 1014 2033 adjectivi
1034 1947 1169 2031 generis,

57 2051 109 2112 sed
138 2051 228 2114 etiam
252 2052 451 2134 substantivi,
482 2073 607 2135 qnorum
634 2072 724 2136 quum
749 2050 891 2136 pleraque
916 2071 935 2113 a
960 2048 1170 2113 Grammaticis

55 2151 88 2215 in
109 2174 237 2216 numero
259 2153 502 2237 metaplastornm
530 2152 627 2217 relata
654 2164 775 2229 essent,
807 2153 838 2216 id
860 2174 917 2237 quo
942 2155 1014 2238 juro
1041 2152 1084 2216 ita
1109 2163 1171 2215 sta-

55 2254 190 2330 tuerint,
213 2256 422 2338 inqnircndnm
445 2256 530 2318 duxi.
569 2256 623 2318 His
645 2276 732 2330 vero,
755 2265 845 2338 prout
866 2255 991 2318 facultas
1015 2255 1096 2329 tulit,
1119 2254 1170 2317 ah·

55 2356 165 2420 solutis
193 2355 406 2420 revertendum
435 2369 483 2421 cst
511 2359 546 2420 ad
574 2356 724 2442 adjectiva
751 2354 913 2439 composita
942 2376 1105 2439 eorumque
1135 2355 1169 2418 in

55 2479 190 2542 genere,
220 2459 371 2537 motione,
400 2469 527 2523 accentu
548 2457 725 2522 anomalias.
808 2513 816 2529 ,

524 2646 635 2700 cnr.
673 2644 700 2714 ι,
782 2685 787 2712 ,

253 2766 305 2830 De
336 2767 560 2832 nominibus
594 2767 633 2830 in
662 2749 687 2832 di
716 2762 971 2828 exeuntibus.

570 2921 599 3004 ς.
623 2919 656 2984 1.

143 3039 173 3104 Α
194 3038 395 3124 simplicibus,
426 3061 500 3125 qnae
524 3040 557 3105 in
577 3027 623 3108 αν
647 3039 868 3113 terminantur,
897 3047 1025 3100 accentu
1048 3035 1169 3102 differre

57 3142 203 3231 syntheta
227 3143 394 3228 Stephanus
419 3145 524 3207 docet:
557 3135 730 3230 Ἀκαρνάν
755 3138 799 3215 air
819 3136 965 3214 Αἰνιάν,
992 3133 1202 3227 moncia,-

55 3240 178 3327 Ἀζάν·
207 3242 300 3313 cimici
321 3239 404 3334 γάρ·
435 3241 474 3312 cd
500 3238 700 3313 Τιτανόπαν
722 3235 918 3324 σύνθετον,
933 3252 968 3306 nt
988 3235 1170 3340 ψεαδότταν

56 3348 172 3412 Julian.
199 3347 261 3411 Or>
276 3349 341 3414 VII.
366 3347 441 3414 234.
466 3347 504 3411 D.
549 3349 625 3412 Huic
646 3349 828 3432 suffragatur
848 3345 994 3409 Arcadius
1016 3367 1045 3429 p.
1070 3344 1102 3410 8.
1126 3345 1169 3414 τα“

57 3455 106 3526 εἰς
134 3436 181 3518 αν
208 3443 362 3518 σύνθετα
390 3448 459 3518 oirrd
487 3448 606 3517 cimicia
627 3448 792 3540 ῥημάτων
812 3440 1040 3536 βαρύνονται,
1068 3441 1170 3535 Αἰγί-

56 3576 150 3633 παν,
178 3547 373 3640 Ἑρμόνταν,
403 3550 598 3620 αἰνοτίταν·
636 3549 675 3619 τὸ
703 3550 741 3619 dd
768 3542 904 3640 ναρβοῖν
931 3543 1084 3626 ὀξύνεται
1111 3549 1170 3616 καὶ

55 3653 125 3725 ὅσα
145 3653 196 3743 ναὶ
219 3652 287 3725 οἷπὸ
309 3653 428 3724 cimicia
449 3646 630 3748 ῥημάτων,
655 3676 717 3720 uno
739 3656 831 3722 verbo
852 3652 1015 3739 simplicia,
1042 3671 1167 3736 quornm

59 3829 274 3843 ———

129 3932 154 3998 ³)
171 3929 269 3984 Nomen
287 3930 439 4000 inscriptum
456 3938 498 3984 est
515 3926 580 3986 κατ’
594 3925 803 4000 ἰατιαρτῖτααν.ΙΙ
