2506 4492
274 152 335 220 uu
360 105 726 247 uourrq'uouos.
755 153 792 219 c.
816 152 862 220 11.
892 149 978 257 §.a
1117 159 1187 231 mo

68 335 159 404 iacto
178 334 309 411 derivat,
333 335 383 400 cui
401 333 529 423 tempori
550 333 702 399 simillima
717 336 850 421 pcmrlc,
867 342 1027 420 praecem,
1050 336 1189 422 conpara,

70 441 266 523 indidemque
296 438 364 500 duoi
392 458 480 522 posse
509 436 654 521 simplicia
677 457 767 522 pua),
797 438 872 514 lem,
903 459 985 514 arm,
1022 430 1145 523 appare't
1171 463 1190 507 c

71 542 189 630 panni,
213 539 370 615 intellexi,
394 551 517 618 arctus3
547 559 645 622 neque
666 540 811 602 absonum
831 540 952 604 videtur
974 540 1111 625 artq'sccc,
1135 564 1190 608 au*

73 630 162 730 ceps,
187 663 308 719 remen,
333 641 427 718 obex,
451 644 569 719 innoc,
589 641 736 725 ‘conferre
759 662 826 704 cum
847 642 958 707 futuris
979 644 1063 720 faxo,
1089 666 1188 730 capso,

74 768 155 822 axo,
187 745 338 830 objexim,
367 745 484 808 norim.
530 744 643 810 Verum
669 765 687 808 a
708 743 809 809 verbis
833 744 916 830 puris
941 766 1017 828 quae
1041 749 1190 833 originem

73 848 213 923 trahunt,
238 847 334 933 sigma
353 848 545 943 extrinsecus
564 857 741 913 mutuentur
762 862 888 912 necesse
906 856 968 929 est,
992 870 1104 925 comes,
1128 862 1191 915 tra*

77 973 157 1026 mes,
180 942 319 1024 antisbs,
342 970 498 1027 mansues,
520 970 646 1035 quorum
666 950 779 1015 vocalis
801 952 903 1015 nativa
925 961 984 1027 cst,
1007 961 1044 1015 et·
1059 951 1190 1036 inquies,

76 1053 202 1140 proles,
234 1052 390 1138 (torques,
413 1052 517 1135 sedes)
542 1053 648 1136 quibus
674 1054 795 1119 aliunde
820 1055 917 1118 venit.
960 1053 1064 1138 Neque
1090 1057 1190 1121 minus

76 1177 156 1241 quae
179 1154 369 1218 econtrario
392 1176 504 1238 genere
513 1181 527 1231 3·
552 1156 604 1220 sed
628 1154 700 1219 haec
722 1156 833 1241 triplici
854 1156 984 1221 ratione.
1017 1156 1190 1242 Numquae

76 1258 173 1323 verba
195 1274 285 1320 unam
302 1277 349 1335 ¹ex
370 1257 465 1320 tribus
487 1257 719 1323 immutabilibus
741 1257 926 1325 catalecticis
944 1280 999 1344 pro
1017 1258 1190 1326 charactere

77 1360 208 1436 hahent,
248 1380 314 1424 cam
341 1359 553 1445 incorruptam,
576 1360 613 1423 ad
641 1361 764 1425 nomina
790 1361 1017 1439 transmittunt,-
1055 1362 1188 1448 praesul,

77 1460 253 1551 oscen17),
283 1461 442 1537 cornicen,
470 1483 582 1546 agger,
608 1463 745 1539 adulter,
771 1463 897 1548 legiler,
922 1464 1074 1548 armiger3
1113 1465 1191 1549 quod

78 1583 177 1649 genus
199 1583 342 1647 agraeco
364 1584 503 1627 sermone
525 1565 622 1628 abest.
657 1565 739 1645 Quae
758 1587 835 1630 vcro
854 1577 966 1630 mutam
988 1565 1099 1631 halent
1120 1567 1191 1630 stira

77 1666 124 1752 pis
153 1664 322 1750 primitivae
351 1676 537 1746 extremam,
571 1688 637 1730 cam
663 1677 715 1730 aut
740 1667 884 1753 abjiciunt
910 1678 1043 1732 assumto
1072 1669 1189 1752 sigmaa

78 1768 192 1852 impes,
215 1787 359 1851 praepes,
382 1769 489 1846 obses,
512 1792 615 1848 reses,
639 1769 739 1845 deses,
762 1769 861 1846 incus,
884 1771 1027 1845 subscus,
1052 1771 1188 1848 refrena,

78 1870 242 1954 libripens,
271 1880 324 1933 aut
344 1883 470 1935 servant
491 1873 669 1959 interposita
686 1873 804 1940 vocalia
827 1872 941 1951 arbiter
960 1875 1028 1956 (pro
1045 1873 1189 1958 orbitas),

78 1973 249 2058 interpres,
274 1974 391 2058 indiges
412 1974 487 2061 (nisi
508 1977 565 2041 hoc
586 1999 605 2041 a
626 1997 684 2062 geo
705 1975 803 2061 potius
826 1997 913 2061 quam
933 1977 972 2039 ab
992 1996 1049 2060 ago
1073 1997 1190 2060 compo·

78 2076 171 2140 situm
201 2078 262 2161 est)
294 2075 327 2138 in
357 2098 451 2161 eoque
482 2091 650 2162 sequuntur
679 2080 849 2164 exemplum
880 2077 1058 2164 simplicium
1089 2079 1189 2154 tudes,

78 2179 203 2254 trudes,
228 2179 353 2256 caedes,
378 2191 479 2266 teges,
510 2204 568 2246 nec
588 2182 755 2248 verbalium
776 2183 863 2247 modo
886 2183 939 2259 scd
956 2192 994 2247 'ct
1013 2202 1192 2268 paronymo·

78 2303 167 2357 rum,
196 2280 279 2358 ales,
308 2282 422 2358 circes,
453 2283 571 2361 cocles,
600 2305 712 2373 equesq
752 2286 858 2368 quibus
879 2285 1062 2369 respondent
1083 2303 1193 2370 graeca

79 2380 196 2462 ἐλπίς,
218 2383 344 2462 καινίς,
369 2381 475 2472 ἄρκυς
495 2397 555 2453 etc.
593 2386 669 2451 Cum
690 2386 782 2450 tertio
801 2407 926 2470 genere,
950 2397 985 2450 ut
1006 2388 1091 2450 modo
1114 2385 1191 2461 dini,

81 2466 256 2573 congrth
277 2508 351 2573 quae
373 2501 532 2573 utrumque
555 2490 736 2553 elementum
758 2487 878 2551 aliunde
900 2496 1041 2564 sumunt,
1068 2498 1191 2565 vertex,

80 2591 242 2683 appendix!
256 2599 316 2655 etc.
363 2590 420 2655 Sed
443 2591 542 2655 differt
566 2592 643 2675 quod
665 2589 789 2653 Romani
805 2590 996 2674 'gutturalem
1017 2590 1194 2671 frequenter

81 2714 146 2759 non
166 2694 268 2768 solum
285 2693 318 2757 in
340 2677 495 2758 lominum
516 2692 713 2770 formatione,
740 2693 793 2757 sed
815 2692 899 2758 etin
922 2693 1082 2757 verborum
1103 2689 1194 2755 decli·

81 2808 156 2862 natu
177 2797 392 2882 interponunt,
423 2809 559 2882 strages,
581 2797 703 2884 fruges,
727 2795 896 2883 coniuges,
919 2795 1015 2872 uui,
1036 2792 1149 2860 stauai.

171 3107 205 3172 Si
226 3107 291 3193 quis
317 3118 418 3172 autem
447 3112 517 3171 cum'
540 3107 659 3172 infinita
683 3107 844 3172 verborum'
870 3083 1060 3171 multitudine
1087 3101 1194 3167 luorum

84 3211 242 3276 nominum
264 3221 295 3274 et
315 3210 492 3295 paucitatem
515 3221 546 3274 et
565 3231 666 3274 rarum
688 3210 913 3292 obsoletumque
934 3228 1021 3271 usum
1044 3227 1195 3291 compara·

82 3315 177 3390 verit,
201 3313 328 3378 miretur
350 3333 474 3377 necesse
496 3324 562 3390 est,
585 3313 654 3396 quid
676 3335 783 3378 causae
804 3313 909 3386 luerit,
934 3332 989 3375 cur
1009 3309 1117 3375 Graeci
1137 3309 1195 3373 tto·

84 3415 244 3498 mamque,
280 3430 370 3501 quum
397 3415 473 3480 lianc
502 3415 655 3479 nominum
670 3416 892 3500 .fiugeudorum
919 3415 1000 3478 viam
1027 3411 1120 3477 semel
1148 3411 1195 3476 iu-

84 3518 185 3602 qressi
205 3530 320 3595 essent,
343 3538 450 3583 rursus
468 3512 691 3582 declinaverint
704 3539 802 3602 neque
820 3538 910 3601 porco
931 3517 968 3580 ad
987 3515 1067 3580 istud
1090 3535 1195 3578 exem·

84 3618 167 3704 plum
190 3615 262 3708 ἄψ,
281 3617 392 3708 γράψ,
414 3612 489 3700 sag,
511 3619 582 3698 τέξ,
604 3613 678 3706 φύῖ
697 3633 728 3685 et
754 3618 837 3682 mille
864 3616 935 3682 talia
956 3617 1092 3682 fabricati
1120 3617 1194 3691 sint,

73 3721 116 3788 id
147 3723 225 3807 quod
253 3724 334 3788 orsis
361 3734 595 3788 cousentaneum
626 3734 658 3788 ct
685 3724 767 3787 factu
795 3720 929 3807 proclive
960 3731 1036 3785 crat.
1082 3718 1195 3782 Varum

156 3957 201 4031 ll)
223 3957 403 4018 Nominativn's
420 3959 519 4020 occultis
535 3981 581 4032 per
598 3976 627 4018 so·
644 3956 724 4016 ottilo
740 3957 886 4018 mirabilior
904 3964 945 4014 est
962 3970 1039 4029 quam
1056 3959 1145 4024 segnis
1168 3957 1195 4009 id

84 4057 143 4102 ast
191 4051 247 4102 eris
263 4047 358 4121 airaudi
375 4053 431 4106 siva
448 4048 570 4124 elymais.

117 4134 158 4188 to
176 4135 230 4188 cols.
249 4137 372 4207 Parad'p.
964 4127 987 4195 9
