2506 4492
311 221 370 287 nn
397 220 593 288 renunc.
621 218 822 287 uurucu.
851 223 883 306 c.
906 222 938 288 n.
1128 164 1209 295 nu·

66 402 136 470 line
157 398 316 487 τεμὲνιοι
334 401 422 487 attigi
443 402 481 465 ad
500 402 550 488 λη’.
574 422 605 485 p.
626 399 699 467 126.
722 401 869 486 aliamque
891 402 1088 488 correptionis
1109 426 1179 471 cau·

68 529 137 573 sam
165 506 274 583 attuli,
297 526 408 589 ,neque
436 505 557 568 omnino
585 505 739 569 veteribus
765 505 989 595 religioniuiuit
1015 507 1133 572 literam
1157 495 1182 577 s

69 608 210 677 erebrius
230 619 390 693 repetere,
416 605 634 695 ἔπεηεηὲνητο
656 606 791 694 Thucyd.
816 600 978 686 Vlll.'ssh,
1001 610 1034 676 2.
1056 606 1181 681 ἀπετο-

69 712 209 781 τᾶλοοτο
232 711 285 777 lV.
309 710 363 777 90.
393 710 623 777 ἐπετετέλεστο
646 709 786 795 Xenoph.
811 708 889 776 llell.
914 712 953 776 V.
977 711 1017 789 3,
1039 713 1094 779 25.
1124 719 1180 782 ἐν·

70 813 315 901 τετελεσμένον
336 814 424 877 Paus.
442 813 480 877 V.
502 813 555 889 11,
574 813 608 876 4.
632 811 893 880 ἐπιτετελειιέναι
910 813 1016 878 Jamhl.
1033 816 1071 880 V.
1088 818 1177 905 Pyth.

70 917 139 994 28,
158 910 239 984 286.
269 915 472 983 διατετέλεκε
497 914 639 979 Aeschin.
667 916 736 980 lals.
762 915 821 1000 leg.
847 914 920 981 193.
951 916 1067 1002 aliaque
1092 942 1181 1007 supra

71 1021 166 1105 alluta
187 1021 220 1084 in
240 1020 320 1083 Adn.
344 1020 372 1102 §.
390 1018 425 1084 2.
446 1011 563 1085 Ἰλίεια
584 1030 696 1097 autem,
720 1019 796 1102 quod
813 1018 989 1083 Eustathius
1010 1022 1046 1084 ab
1063 1015 1182 1099 Ἰλιεύς

71 1123 198 1209 repetit,
220 1122 357 1205 sequitur
378 1132 480 1208 typum
502 1121 718 1185 temenicorum
740 1133 772 1186 et
790 1122 1027 1205 possessivorum
1049 1127 1182 1191 anomi-
1216 1164 1220 1169 -

72 1224 195 1293 nium
185 1246 218 1289 nn
240 1248 291 1298 ιος
312 1224 480 1299 ductorum,
502 1219 728 1308 Ἀσκληπίεια,
748 1216 905 1304 Ἰολάεια,
924 1219 1181 1317 Ἀμφιαρᾶιιον,

70 1340 228 1413 totumque
248 1327 332 1391 iham
353 1326 501 1390 rationem
525 1326 761 1390 commenticiam
787 1347 854 1391 csse
877 1327 1026 1411 arbitror,
1060 1343 1182 1397 namet

72 1432 187 1519 duplex
215 1456 238 1517 η
264 1429 383 1514 saepius
413 1429 565 1492 concurrit
593 1422 679 1515 η”ην,
705 1420 791 1515 ηἠ’ρ,
819 1421 966 1517 θηητός,
994 1425 1124 1519 νηήσας
1144 1428 1183 1502 εὖ

73 1534 165 1622 νῆας
186 1533 224 1598 ll.
246 1530 302 1595 lX.
324 1529 400 1596 358.
424 1542 484 1595 etc.
512 1542 543 1596 et
564 1531 688 1595 totidem
708 1532 769 1595 iota
793 1531 876 1595 nulla
897 1554 1030 1599 consona
1050 1536 1183 1623 interpo-

72 1640 134 1705 sita
156 1637 266 1701 crebro
287 1634 425 1698 existunt
445 1635 604 1717 conjunctu
622 1635 874 1718 praepositionum
893 1626 948 1702 dcci
970 1648 1002 1703 et
1018 1636 1107 1723 περί,
1128 1639 1184 1703 ali·

73 1753 125 1809 ter
145 1760 230 1815 ιοιο,
253 1729 957 1823 Διιπόλια,ι1ιιιιετὲστεροςοῑΔιιτρὲ-φης,
980 1759 1104 1822 quorum
1126 1742 1184 1805 duo

72 1842 247 1934 posteriora
267 1841 427 1907 secundam
448 1838 567 1923 longam
589 1837 710 1915 habere,
734 1848 933 1923 postremum,
957 1840 1032 1923 qnod
1054 1852 1086 1904 et
1103 1845 1185 1909 Λιο-

72 1947 202 2037 ςρέφης
228 1944 338 2007 dicitur
363 1964 395 2007 v.
421 1940 552 2007 Bekker.
578 1941 616 2004 sd
639 1940 734 2004 lhuc.
764 1941 816 2004 lll.
843 1940 938 2006 75.
929 1964 961 2005 m
988 1943 1184 2009 marmoribus

74 2047 275 2139 Διειτρέφης
301 2043 390 2109 scribi
419 2043 493 2107 scite
521 2042 733 2107 animadvertit
758 2044 918 2130 Elmslejus
945 2046 980 2108 ad
1002 2045 1081 2109 Med.
1106 2044 1182 2112 323.

74 2157 158 2223 Adn.
180 2174 212 2239 p.
238 2147 312 2214 139.
338 2158 369 2212 et
390 2147 426 2210 ad
444 2144 563 2210 bacch·
582 2143 676 2209 1266.
721 2146 818 2230 Atque
841 2147 914 2212 haec
935 2148 1085 2214 scribendi
1105 2150 1185 2215 ratio

71 2255 190 2343 ambigi
211 2262 321 2338 potest,
344 2261 446 2314 utrum
467 2249 504 2313 ad
526 2247 697 2312 evitandum
720 2249 829 2332 duplex
850 2250 912 2314 iota
932 2251 1007 2315 inite
1027 2253 1068 2316 sit
1088 2275 1127 2317 an
1148 2255 1186 2320 ad

78 2357 256 2447 signandam
276 2352 519 2439 productionem,
551 2372 625 2434 quac
647 2351 727 2415 clare
749 2362 871 2436 apparet
893 2353 925 2415 in
947 2351 1144 2418 homerico’
1120 2379 1187 2424 αν-

77 2450 294 2553 δηιιφόντης,
325 2477 383 2519 nec
408 2455 511 2538 ignota
538 2453 595 2517 fuit
621 2453 804 2517 scholiastae
828 2454 969 2516 Nicandri
990 2455 1082 2519 Ther.
1107 2456 1183 2523 601.

80 2566 130 2652 qni
158 2584 214 2649 pro
243 2564 281 2627 ἐν
309 2557 345 2626 δὲ
371 2554 581 2643 θεριιγενέος
607 2576 664 2639 τοι
665 2551 756 2620 ιίνον
785 2553 897 2616 dubitat
923 2574 962 2616 an
989 2567 1121 2638 praestet
1147 2563 1186 2626 ἐν

82 2663 113 2735 d’
129 2660 377 2751 ιίθεριιηενέος,
399 2654 513 2742 ἐπειδη
532 2655 594 2722 τοι]
613 2653 762 2742 κυμίνου
782 2680 799 2720 ο
820 2648 942 2746 στάχυς
960 2652 1129 2745 detpccl
1109 2685 1187 2750 εχει,

83 2771 134 2835 sed
155 2766 276 2832 auditur
297 2762 414 2827 modo
404 2782 437 2825 m
454 2760 523 2825 Nic
539 2760 631 2824 Alex
650 2756 725 2823 618
749 2759 874 2844 κοῦρον
888 2756 1089 2851 οἷλίβαιιτον
1108 2766 1187 2831 Ms-

84 2871 252 2963 palpem,
280 2866 364 2931 etin
386 2863 535 2949 Lycophr.
558 2884 591 2927 v.
615 2860 690 2927 681.
714 2864 761 2935 εἰς
782 2859 943 2929 οἶλίιιειλον
965 2864 1112 2950 φθιτῶν,
1136 2889 1189 2931 cu·

83 2976 131 3061 jus
150 2990 295 3037 mensura
321 2978 352 3032 et
372 2966 510 3030 librarios
535 2965 667 3029 turbavit
693 2959 873 3038 οἴλίςιιειλον
900 2975 931 3028 et
952 2958 1154 3050 ιῖληιιειλον2
1157 2974 1186 3050 ¹)

88 3077 268 3149 scribentes,
302 3081 334 3135 et
356 3068 570 3133 Grammaticos
597 3067 734 3143 induxit,
765 3078 800 3131 ut
824 3069 859 3131 ab
884 3063 966 3132 οἷλιω
992 3068 1188 3152 compositum

89 3189 235 3264 putarent.
280 3173 346 3239 Janr
368 3182 489 3256 praeter
515 3171 646 3234 dativum
667 3173 739 3248 Διἰ,
771 3190 857 3252 quem
880 3171 1042 3235 Dorienses
1069 3183 1188 3236 contra·

90 3279 171 3358 hunt,
194 3279 292 3344 solum
309 3286 405 3341 restat
425 3273 601 3339 solemnium
620 3293 729 3335 nomen
746 3263 902 3339 Διιπόλια
922 3273 987 3360 sive
1003 3266 1189 3353 Διιπόλεια,

94 3385 162 3466 tprod
184 3393 215 3446 et
235 3382 331 3466 ipsum
354 3381 390 3442 ab
412 3376 519 3440 Atticis
542 3375 704 3450 unciola,
727 3385 761 3437 ut
781 3372 936 3460 Δίφιλος,
959 3377 1188 3459 pronunciatum

95 3503 154 3548 esse
173 3484 327 3548 Personus
354 3481 441 3543 docet
466 3479 502 3541 ad
526 3477 621 3541 Arist.
646 3477 715 3540 Pac.
740 3476 814 3540 424.
844 3488 931 3562 atque
957 3475 1040 3552 ιλιίος
1058 3478 1190 3562 jovialis

31 3642 33 3649 .
96 3583 164 3650 lut.
181 3581 400 3650 Phocenses.
418 3582 454 3645 Ε.
479 3578 630 3643 Plutarch.
649 3579 684 3642 de
703 3578 770 3642 Ilei.
789 3578 892 3671 Oracc.
910 3580 998 3643 XXl.
1015 3578 1090 3645 335.
1110 3591 1188 3646 τοῖν

31 3706 35 3771 p
97 3683 186 3754 ιλιὲοιν
213 3687 359 3750 Themist.
387 3683 439 3748 0r.
464 3681 548 3745 Xlll.
580 3679 652 3745 165.
684 3680 719 3743 G.
752 3683 828 3765 quod
857 3683 1014 3766 plurimum
1044 3683 1144 3745 differt
1170 3701 1189 3743 a

101 3785 161 3864 dtus
178 3790 311 3854 dubious.
334 3787 435 3870 ltaque
454 3806 492 3849 ne
510 3784 570 3848 illis
589 3785 703 3868 quidem
723 3795 829 3849 natura
845 3785 1005 3859 concessit,
1026 3795 1060 3846 ut
1075 3781 1186 3858 omnia,

104 3892 331 3973 quemadmodum
357 3890 491 3966 vellent,
521 3887 788 3972 proloquerentur3
826 3889 878 3953 sed
900 3909 988 3972 quum
1016 3882 1088 3957 dtus
1110 3882 1189 3949 dice·

108 4024 299 4044 *un-n·—

158 4113 205 4183 st)
225 4116 269 4169 Sic
285 4122 313 4168 et
328 4113 473 4183 Hesychius
490 4112 517 4166 iu
533 4112 611 4166 serie.
