2506 4492
293 187 351 255 DE
379 186 541 256 Nostro.
569 188 741 259 1101108.
773 191 858 259 (1.1.
887 194 919 278 ς.
940 193 975 261 2.
1140 194 1188 265 75

78 350 225 437 &illicce
249 367 315 455 πρὸ
337 368 401 435 τοῦ
423 355 557 459 νέχειν
582 365 790 458 δίφθογγον,
820 372 852 436 it
871 373 908 437 tle
929 372 1068 438 omnibus
1090 373 1186 441 tritus

79 472 303 557 primitivorum
324 471 596 559 monosyllulorunt
620 473 779 555 generibus
800 474 894 539 ναίει.
922 511 967 524 -
994 474 1030 539 ln
1051 462 1106 543 εἶν’
1123 486 1187 541 ter·

79 576 236 639 minantur
253 574 312 637 tria
328 574 517 658 appellativa,
539 575 597 638 duo
613 575 771 640 masculini
789 577 909 660 generis
926 574 1013 645 ιλιίν
1031 587 1064 642 et
1077 570 1186 664 πριίν,

79 698 173 740 unum
195 675 372 741 femininum
393 672 490 765 χθοίν
511 677 671 741 Herodian.
695 699 725 762 p.
744 677 800 755 32,
820 678 851 743 1.
873 679 975 764 Etym.
993 681 1036 743 Μ.
1055 677 1132 756 883,
1149 678 1183 744 3.

63 778 155 843 „Nam
176 779 257 865 qnod
281 780 356 862 apud
379 779 460 842 Suid.
483 779 595 864 legitur
618 776 721 868 poivcc
741 785 775 846 οἱ
794 778 977 869 χωνειπαί,
1006 803 1110 866 parurn
1131 803 1186 847 ex·

79 881 230 966 ploratum
253 882 357 945 duco.'
375 881 497 967 Propria
519 892 590 945 sunt
603 876 665 947 tto
686 883 769 947 urbis
784 884 984 968 Aegyptiacae
1007 905 1117 947 nomen
1137 884 1184 947 in-

33 1018 64 1061 ‚-.
81 983 259 1047 declinabile
286 993 317 1048 et
335 976 427 1053 Ῥοίν
453 983 571 1048 ludione
595 984 697 1070 Steph.
724 974 810 1054 Χοίν
831 978 956 1060 Χωνός
981 980 1093 1072 ὄνομα
1120 1009 1185 1053 πσ-

78 1085 197 1171 σαμοῦ
224 1090 257 1163 ἐξ
283 1077 326 1151 οὗ
352 1085 408 1153 καί
432 1082 639 1174 principue
658 1086 783 1156 Χωνία
806 1088 991 1173 Tbeognost.
1013 1089 1046 1153 in
1067 1088 1182 1152 Aneod.

80 1188 187 1252 Gran.
211 1187 250 1251 ll.
275 1187 347 1251 131.
371 1209 416 1272 sq.
438 1190 559 1264 Χῶνες
581 1212 656 1276 gens
678 1190 777 1256 italico
798 1191 835 1254 ab
857 1190 984 1255 Hercule
1007 1190 1112 1254 Chone
1133 1210 1185 1273 op·

78 1291 192 1375 pellata
213 1291 314 1375 Etym.
335 1291 377 1354 M.
397 1288 474 1368 816,
496 1290 550 1357 27.
574 1303 637 1356 tum
660 1295 741 1362 Θοῖν
763 1293 902 1367 Θῶντος
923 1287 1036 1379 ὄνομα
1057 1288 1184 1378 κύριον,

33 1426 39 1457 ·,
79 1389 165 1480 ὅπερ
185 1391 408 1479 σεσημείωται
424 1390 467 1467 οἷς
484 1387 596 1481 μόνον
614 1400 648 1461 ἐκ
666 1390 809 1462 πάντων
828 1396 897 1462 τῶν
913 1392 1185 1483 μονοσολλιίβων

78 1490 345 1579 περισπώμενον
361 1497 418 1563 καί
435 1493 489 1562 leci
508 1497 570 1563 τοῦ
587 1486 630 1565 ν-ἰ
647 1490 849 1582 κλινόμενον
864 1498 977 1562 Aneod.
994 1498 1094 1562 Crem.
1113 1498 1135 1560 l.
1153 1519 1181 1560 ο.

80 1598 157 1665 132.
177 1598 273 1663 Βο11.
291 1598 385 1664 1222.
410 1609 444 1662 et
462 1610 628 1685 oxytonum
647 1595 727 1667 Θοίν
744 1600 878 1679 Θῶνος,
901 1611 1027 1664 accentu
1048 1599 1185 1664 anomale

80 1723 142 1777 non
154 1703 262 1769 ..solum
284 1702 316 1764 in
337 1701 460 1766 Homeri
481 1701 584 1776 libris,
607 1702 659 1763 sed
682 1701 770 1764 etiarn
792 1723 839 1785 ep.
861 1702 1002 1765 Philostr.
1021 1702 1059 1767 V.
1083 1700 1183 1785 Apoll.

80 1802 148 1868 Vll.
166 1802 223 1879 22,
240 1798 314 1869 362.
333 1803 436 1889 Steph.
455 1824 481 1867 s.
497 1803 620 1882 Θῶνις,
640 1802 766 1888 Gregor.
783 1803 860 1867 Naz.
878 1803 978 1866 Germ.
995 1800 1047 1866 50.
1064 1825 1093 1886 p.
1110 1801 1183 1866 113.

81 1906 230 1991 aliosque,
253 1926 339 1991 prem
356 1904 559 1984 Grnmmafioi,
580 1926 653 1989 quos
671 1906 836 1982 nominavi,
860 1916 891 1969 et
906 1905 1036 1969 loannes
1055 1905 1091 1967 dc
1106 1903 1183 1967 Tou.

81 2031 111 2096 p.
136 2007 190 2075 10.
216 2019 357 2093 repetunt
380 2030 422 2072 ex
442 2009 577 2094 pleniore
601 2008 728 2092 genitivi
754 2010 849 2073 forma
871 2007 1027 2086 Θέωνος,
1057 2028 1114 2091 qua
1134 2005 1186 2070 Ju-

81 2112 182 2182 stinns
197 2111 295 2175 utitur
308 2111 434 2174 Paruen.
452 2132 479 2175 c.
495 2108 549 2175 28.
566 2133 595 2195 p.
612 2109 665 2175 27.
684 2110 734 2175 vel
751 2104 883 2185 Θοίνιος
896 2110 1023 2175 Nicand.
1039 2109 1095 2173 Tln.
1108 2107 1183 2173 313.

82 2214 133 2281 rol
153 2205 298 2287 Θέωνος
317 2213 350 2276 iu
371 2213 456 2276 codd.
480 2213 603 2276 Lucian.
627 2212 718 2277 Alex.
743 2214 772 2296 §-
796 2212 827 2277 5.
868 2214 1038 2297 Eodemque
1059 2222 1186 2276 accentu

33 2336 36 2401 j
83 2316 226 2383 scribitur
247 2316 394 2401 Πρῶνος
420 2315 570 2399 genitivus
596 2315 725 2378 nominis
750 2314 840 2399 topici
861 2317 990 2381 Ponsan.
1014 2313 1052 2378 ll.
1076 2337 1105 2378 ο.
1129 2313 1184 2389 34,

33 2412 39 2469 -'
84 2416 135 2484 18.
158 2428 192 2483 et
213 2417 272 2493 ³5,
295 2417 328 2483 3.
356 2417 421 2502 (ubi
444 2417 616 2482 Siebelisius
638 2409 784 2504 Πρωνός
805 2417 939 2501 scripsit)
963 2417 1014 2480 vel
1035 2416 1071 2479 ad
1093 2415 1186 2498 signi·

85 2521 229 2615 tuentium
245 2520 423 2607 synaeresin
445 2531 479 2584 ut
500 2521 592 2598 λᾶος,
613 2519 726 2603 κῆρος,
747 2511 839 2602 ἦρος,
862 2517 911 2581 vel
932 2512 1082 2588 σιῖίὶπος
1102 2514 1187 2600 πρὸς

85 2620 344 2723 ίνπιριασσολήν
365 2623 428 2688 τοῦ
449 2619 693 2708 προςηγορικσῦ
713 2618 829 2682 Anectl.
853 2640 882 2703 p.
902 2617 996 2684 1222.
1021 2617 1123 2703 Etym.
1142 2617 1185 2682 Μ.

87 2748 115 2811 p.
136 2722 221 2805 826,
251 2723 304 2788 18.
334 2726 410 2808 quod
439 2746 458 2789 a
485 2723 605 2809 proprio
632 2743 736 2808 purum
765 2721 904 2787 distinxit
929 2721 1127 2785 Buttmannus
1154 2719 1188 2783 in

33 2858 35 2867 ·
74 2827 326 2899 ἸσίίοσΝοσιπ.
349 2829 487 2892 Anomm.
511 2848 539 2893 s.
563 2825 594 2892 h.
617 2846 649 2892 v.

615 3015 677 3082 ,2.

171 3138 313 3223 Sequitur
336 3122 480 3237 lite-nup:
516 3017 617 3222 illyri.
641 3134 683 3198 M.
706 3132 788 3211 817,
811 3133 864 3200 42.
895 3124 955 3198 ‹lo'o
982 3123 1074 3220 μόνοι
1102 3130 1189 3230 εἶσί-ν
1222 3154 1227 3163 ·

94 3238 240 3330 ὀνόματα
269 3244 316 3314 εἰς
341 3265 404 3326 cp,
440 3232 512 3324 ψείρ
540 3236 597 3303 ναὶ
623 3228 704 3322 noio,
739 3233 825 3322 οἵπερ
852 3235 1035 3322 προσθέσει
1061 3237 1123 3302 τοῦ
1150 3259 1188 3310 ος

93 3344 244 3412 ιλίνεσαι.
286 3340 505 3427 Appellativum
529 3338 665 3402 neutrius
692 3341 813 3425 generis
834 3331 915 3425 ιιοίρ,
944 3340 1022 3403 unde
1045 3338 1189 3423 composi·

33 3514 38 3527 ,
95 3457 149 3511 tum
171 3458 219 3512 est
239 3449 378 3535 ένιιαρος
399 3444 423 3508 i.
440 3464 469 3508 e.
493 3441 673 3529 ἐγκέφαλος
695 3442 898 3517 cer-ebrum,
922 3464 983 3504 non
1001 3442 1113 3527 legitur
1131 3442 1189 3504 nisi

33 3546 37 3637 ξ
95 3549 356 3635 praepositionibus
377 3547 547 3630 adjunctum
567 3541 635 3613 α’νοί
657 3536 732 3632 κοίρ,
755 3541 840 3610 uacci
862 3535 936 3632 νοίρ,
958 3546 1105 3609 interdum
1128 3564 1189 3606 uno

33 3674 36 3695 ¹
98 3653 143 3715 sul
170 3661 315 3726 accentu,
351 3648 396 3712 uti
425 3647 564 3712 adverbia
590 3649 709 3728 solent3
746 3668 900 3712 commune
927 3640 989 3735 ιιοίρ
1018 3647 1188 3731 significans

48 3818 52 3825 .
97 3751 264 3843 πρόβατον
286 3763 318 3817 et
339 3757 469 3838 φθεῖρα
490 3749 653 3836 (Hesych.)
681 3748 818 3814 nonnulli
841 3749 873 3812 in
896 3749 1047 3814 homerico
1070 3747 1129 3813 τίω
1153 3744 1190 3811 δέ

99 3880 150 3939 μιν
178 3863 217 3924 ἐν
246 3852 347 3940 καρὸς
374 3855 455 3944 αἴσῃ
483 3851 622 3916 invenire
652 3853 708 3916 sibi
735 3852 795 3917 visi
825 3864 912 3928 sunt,
952 3853 1035 3935 cujus
1063 3847 1189 3933 genitivi

101 3959 173 4044 ulpho
195 3960 376 4026 naturaliter
391 3961 513 4044 longum
531 3955 629 4021 ionice
648 3965 816 4040 correptum
834 3976 913 4032 esse,
936 3963 970 4015 ut
985 3947 1189 4036 λελασμένος

98 4057 187 4129 Sclol.
210 4064 247 4128 ll.
274 4064 322 4130 Π.
344 4061 419 4128 776.
456 4060 598 4127 Ceterum
618 4057 869 4144 significationum
889 4055 1009 4121 illarum
1029 4053 1189 4140 vestigium

1030 4414 1152 4444 Α
