2506 4492
82 177 155 245 ern
436 175 751 245 n1ssnnrurro
780 131 838 246 iv.

82 356 258 432 Lucianum,
282 356 490 436 Heliodorum,
510 356 657 423 Achillem
676 357 813 434 Tatium,
836 357 940 442 umbus
961 357 1079 422 accedit
1102 357 1181 445 hym·

82 481 189 525 norum
212 458 405 542 Orphioorum
419 460 564 544 'scriptum
608 461 673 526 Jam
693 460 720 525 si
741 461 820 524 idem
840 461 914 545 apud
933 470 1040 545 poetas
1059 463 1183 547 scripto·

82 583 190 645 resque
213 560 327 623 ionicus
356 560 527 645 legeretur,
557 564 673 629 facilius
702 566 890 645 crederemus
920 582 1031 626 nomen
1061 556 1183 651 σελήνη

82 664 239 753 privilegio
261 664 384 747 quodam
406 664 554 728 sermonis
578 665 693 750 antiqui
713 677 744 730 et
766 665 873 749 poetici
895 663 953 729 huc
970 664 1182 751 amplitloatum

82 789 159 833 esse.
203 767 260 829 Sed
288 765 455 831 Herodotus
476 766 541 830 Vll.
569 765 623 832 37.
647 767 838 852 Hippocrates
867 768 902 831 de
924 765 1061 831 lnsomn.
1097 789 1128 852 p.
1148 766 1180 832 le.

79 871 117 934 Τ.
140 869 178 932 11.
202 867 349 932 Aretacus
371 869 406 931 de
429 868 513 952 Sigu.
539 868 621 932 Diut.
645 869 669 932 l.
692 868 726 947 4,
749 868 802 934 721.
825 868 976 933 Lucienus
998 869 1038 933 dc
1061 866 1180 933 Astrcl.

80 977 109 1058 ς.
134 972 164 1037 5.
187 972 337 1056 primitivo
366 972 412 1035 usi
434 983 523 1048 suotp
553 969 712 1056 σεληναία
739 991 814 1035 vero
841 970 874 1034 in
906 971 1058 1036 sermonis
1084 970 1182 1055 quoti·

80 1077 160 1141 diaui
186 1073 371 1137 commerciis
398 1071 582 1136 increbuisse
612 1073 742 1136 videtur.
789 1072 887 1152 Quare
915 1073 992 1155 quod
1016 1072 1183 1137 Scholiasta

79 1179 157 1243 Viot.
180 1179 216 1241 ad
237 1177 331 1239 Arist.
354 1173 450 1236 Nubh.
472 1171 547 1238 616.
571 1176 712 1238 adnotate
735 1174 807 1260 pair
831 1172 1070 1260 σεληναίης-
1087 1171 1179 1243 οἶνοι·

77 1280 147 1346 acciu
170 1284 242 1345 ἐστι
258 1270 396 1360 κτηεινοί
415 1267 607 1363 λαμβοίνειν
627 1271 706 1343 circi
727 1274 961 1363 cccccccccc
982 1274 1027 1351 uic
1045 1286 1182 1363 παρθε-

77 1376 166 1466 νική,
188 1379 311 1443 atticum
333 1400 401 1443 esse
423 1399 566 1462 negamus
588 1380 640 1443 sed
662 1381 819 1462 probamus
839 1380 1076 1444 similitudinem.
1105 1380 1181 1445 Nam

79 1483 223 1568 quomodo
249 1503 268 1546 a
293 1476 422 1570 γαλήνη
441 1479 646 1565 potencie„
665 1480 741 1545 hand
762 1482 947 1546 dissimiliter
968 1504 985 1547 a
1009 1483 1123 1560 σέλας,
1147 1494 1179 1547 ut

77 1585 244 1672 Hesychius
263 1585 348 1660 dicit,
372 1581 511 1671 σελήνη,
533 1585 568 1648 ab
591 1583 647 1647 hoc
669 1583 829 1670 σεληναία
850 1586 1024 1669 productum
1047 1586 1180 1662 videtur,

76 1690 195 1773 proprie
218 1688 356 1776 ίιιιιίιισιιι
385 1687 577 1772 significans,
606 1684 766 1773 σεληναίη
787 1689 885 1775 αἴγλη
906 1686 1041 1751 Marcell.
1066 1687 1098 1750 in
1122 1687 1181 1751 De·

77 1792 134 1857 dic.
164 1788 271 1874 Regill.
302 1810 333 1853 v.
362 1787 416 1853 27.
446 1788 585 1872 Apollou.
615 1788 667 1853 lV.
699 1786 771 1854 167.
801 1801 832 1853 et
859 1791 892 1853 in
926 1810 1039 1874 genere
1070 1799 1181 1852 neutro

77 1894 165 1977 Diog.
190 1893 244 1955 La.
268 1889 293 1954 l.
317 1889 350 1955 3.
373 1889 437 1957 σου
459 1887 558 1976 ἡλίου
571 1928 613 1940 -
626 1890 689 1957 aori
709 1889 906 1978 σεληναίου,
938 1892 998 1955 nisi
1020 1889 1180 1977 σεληνίον

76 1997 263 2060 scribendum
277 2004 334 2056 est.
381 1992 521 2057 Ultimum
543 2015 658 2073 eorum,
685 2015 760 2078 quae
778 2016 798 2058 a
818 1993 1025 2060 Grammaticis
1050 1993 1109 2057 huc
1132 2014 1181 2059 rc·

76 2097 136 2160 lata
160 2108 242 2170 eunt,
266 2105 332 2157 crat
352 2090 470 2179 clpcic,
498 2096 535 2157 de
557 2116 613 2178 quo
636 2095 735 2158 Schol.
753 2097 850 2179 Apoll.
875 2096 925 2160 lll.
949 2093 1045 2158 1390.
1071 2092 1181 2180 cipci·

75 2222 119 2284 ηυ
141 2195 184 2269 οἷς
208 2192 409 2279 οίναγκαίην,
435 2206 466 2264 et
488 2195 587 2258 Schol.
611 2196 716 2260 Liban.
736 2197 771 2260 Τ.
788 2201 812 2261 Ι.
834 2196 888 2262 64.
913 2192 982 2283 ὥρα
997 2197 1054 2264 uel
1070 2195 1179 2285 cincio

74 2292 200 2367 ταύτόν
231 2301 300 2361 ἐστι
321 2295 364 2385 τῇ
392 2295 519 2381 ἐννοίᾳ·
541 2291 720 2386 οἷμφόοερα
745 2299 809 2386 yde
837 2298 875 2366 nd
906 2303 965 2384 ἔαρ
1002 2302 1177 2385 σημαίνει.

76 2403 133 2466 Sed
155 2401 182 2464 id
205 2420 321 2483 quoque
350 2400 527 2483 adjectivum
557 2421 623 2464 esse
651 2403 778 2487 patescit
806 2423 822 2465 e
852 2403 1072 2486 comparatione
1095 2406 1179 2468 simi-

75 2507 146 2569 lium
170 2500 330 2590 όρφναία,
352 2498 483 2587 denaia,
507 2503 542 2564 de
564 2504 667 2586 quibus
689 2503 747 2567 alio
764 2504 829 2567 loco
846 2505 986 2589 loquutus
999 2526 1077 2569 sum.
1112 2505 1176 2571 Nec

74 2611 110 2673 de
138 2608 197 2671 alio
224 2625 336 2689 genere
365 2604 516 2666 nominum
552 2605 723 2688 praecipere
751 2606 869 2670 videtur
896 2607 1106 2691 Theognostus
1135 2607 1174 2674 11.

75 2710 148 2775 103.
171 2706 214 2775 coi
237 2705 292 2773 deci
308 2705 370 2771 τοῦ
390 2692 449 2772 σοι-α
472 2698 666 2792 παροίνυμα
688 2703 743 2773 dcci
763 2709 824 2793 σῆς
837 2694 1107 2797 αἷηροίφονται,
1120 2736 1177 2778 σε·

72 2811 213 2900 ληναία,
241 2807 410 2895 οἷμαξαία,
433 2809 564 2894 θυραία
591 2809 733 2896 ἐπίσης
760 2804 907 2888 διεξόδου
938 2808 1000 2878 otiu
1035 2813 1091 2880 ἐπὶ
1112 2813 1175 2880 nori

72 2911 346 2987 saeculolorum,
365 2906 504 2986 ου’ναία,
523 2911 709 2999 γαληναία,
736 2913 963 2999 σφενδοναία,
989 2914 1172 3005 ιλραχμαία,

73 3015 177 3086 circuio
199 3011 378 3103 οιεραηολςή
399 3011 463 3099 τήν
487 3007 576 3099 ὅσην
600 3015 825 3096 ἐπικλείουσα,
848 3036 887 3080 ex
901 3039 960 3102 quo
975 3020 1172 3103 comperimus

73 3119 281 3208 σφενδοναία
309 3138 425 3203 quoquc
454 3116 524 3180 huic
554 3138 679 3181 numero
713 3119 956 3202 amplificatorem
992 3122 1174 3207 adscriptum

73 3245 153 3299 esse,
172 3223 282 3306 jurene
303 3244 342 3286 an
364 3219 673 3306 injuria,·nescimus.
719 3220 777 3283 Sed
799 3224 862 3306 jam
885 3233 1001 3307 tempus
1032 3237 1080 3288 est
1101 3228 1175 3304 sub-

72 3330 181 3391 ducere
202 3344 356 3388 summam.
401 3323 546 3407 Exempla
572 3343 736 3407 paragogae
766 3325 969 3406 producuntur
996 3326 1029 3390 in
1051 3329 1173 3392 univer-

71 3442 145 3495 sum¹
159 3425 287 3510 vinginti
309 3428 447 3510 quinque.
494 3425 607 3488 Horum
634 3438 733 3489 autem
755 3426 894 3510 pleraque
921 3429 1081 3493 manifesto
1103 3442 1175 3495 sunt
1205 3438 1209 3447 “

71 3531 229 3618 adjectiva,
254 3548 347 3608 eoque
376 3530 465 3592 etiam
486 3529 656 3593 infirmatur
683 3529 845 3592 auctoritas
877 3540 1067 3607 ceterorum,
1097 3555 1173 3617 quae

71 3636 140 3719 quia
167 3655 185 3696 a
211 3629 416 3708 Grammaticis
445 3644 533 3695 extra
560 3631 694 3694 ordinem
724 3641 755 3695 et
785 3642 960 3696 contextum
988 3635 1172 3714 afferuntur,

70 3757 210 3822 quorsum
233 3732 417 3818 pertineant,
439 3734 567 3816 judicari
589 3733 702 3817 nequit.
748 3732 851 3817 Neque
873 3746 973 3798 tamen
993 3737 1023 3798 id
1045 3737 1089 3801 ita
1111 3751 1174 3802 sta·

69 3854 135 3918 tuo,
160 3849 194 3902 ut
217 3833 429 3900 Grammaticos
451 3836 531 3903 solos
553 3837 666 3907 erroris
694 3855 763 3900 reos
785 3837 911 3916 luciam,
934 3840 985 3903 sed
1014 3841 1170 3903 admodum

69 3943 136 4006 veri
160 3941 256 4005 simile
279 3940 365 4014 duco,
388 3947 490 4021 poetas
513 3942 649 4025 cntempla
670 3940 811 4006 licentiae
833 3961 852 4005 a
872 3941 992 4006 scholae
1015 3941 1170 4026 magistris

42 4127 45 4133 .
69 4045 273 4128 comprobatae
295 4043 350 4106 sibi
371 4041 408 4108 ad
428 4038 602 4104 imitandum
623 4043 823 4128 prqtosuisse.
867 4043 1023 4116 Jacobsins
1051 4045 1170 4132 quidem
