<?xml version="1.0" encoding="UTF-8"?>
<!DOCTYPE html PUBLIC "-//W3C//DTD XHTML 1.0 Transitional//EN"
    "http://www.w3.org/TR/xhtml1/DTD/xhtml1-transitional.dtd">
<html xmlns="http://www.w3.org/1999/xhtml" xml:lang="en" lang="en">
 <head>
  <title>
</title>
<meta http-equiv="Content-Type" content="text/html;charset=utf-8" />
  <meta name='ocr-system' content='tesseract 3.04.00' />
  <meta name='ocr-capabilities' content='ocr_page ocr_carea ocr_par ocr_line ocrx_word'/>
</head>
<body>
  <div class='ocr_page' id='page_1' title='image "./paralipomenagra00lobegoog_0189.png"; bbox 0 0 2506 4492; ppageno 0'>
   <div class='ocr_carea' id='block_1_1' title="bbox 99 232 855 304">
    <p class='ocr_par' dir='ltr' id='par_1_1' title="bbox 99 232 855 304">
     <span class='ocr_line' id='line_1_1' title="bbox 99 232 855 304; baseline -0.008 0"><span class='ocrx_word' id='word_1_1' title='bbox 99 235 170 304; x_wconf 81' lang='lat' dir='ltr'><strong>{tto</strong></span> <span class='ocrx_word' id='word_1_2' title='bbox 458 232 780 301; x_wconf 75' lang='lat' dir='ltr'><strong>btssultdntlo</strong></span> <span class='ocrx_word' id='word_1_3' title='bbox 809 232 855 300; x_wconf 88' lang='lat' dir='ltr'><strong>ll.</strong></span> 
     </span>
    </p>
   </div>
   <div class='ocr_carea' id='block_1_2' title="bbox 11 404 1251 4214">
    <p class='ocr_par' dir='ltr' id='par_1_2' title="bbox 11 404 1251 4214">
     <span class='ocr_line' id='line_1_2' title="bbox 99 404 1210 503; baseline 0.004 -22"><span class='ocrx_word' id='word_1_4' title='bbox 99 439 156 482; x_wconf 89' lang='lat' dir='ltr'><strong>nus</strong></span> <span class='ocrx_word' id='word_1_5' title='bbox 178 416 319 481; x_wconf 80' lang='lat' dir='ltr'><strong>audacem</strong></span> <span class='ocrx_word' id='word_1_6' title='bbox 342 425 374 479; x_wconf 91' lang='lat' dir='ltr'><strong>et</strong></span> <span class='ocrx_word' id='word_1_7' title='bbox 395 415 522 479; x_wconf 81' lang='lat' dir='ltr'><strong>sortasse</strong></span> <span class='ocrx_word' id='word_1_8' title='bbox 545 413 639 500; x_wconf 84' lang='lat' dir='ltr'><strong>magis</strong></span> <span class='ocrx_word' id='word_1_9' title='bbox 654 404 793 498; x_wconf 71' lang='lat' dir='ltr'><strong>&#39;graecam</strong></span> <span class='ocrx_word' id='word_1_10' title='bbox 809 408 982 503; x_wconf 79' lang='grc' dir='ltr'><strong><em>εῶχανιλεῑς</em></strong></span> <span class='ocrx_word' id='word_1_11' title='bbox 1003 417 1210 503; x_wconf 77' lang='grc' dir='ltr'><strong><em>ζωροποτῶν</em></strong></span> 
     </span>
     <span class='ocr_line' id='line_1_3' title="bbox 97 509 1210 607; baseline -0.001 -21"><span class='ocrx_word' id='word_1_12' title='bbox 97 518 244 592; x_wconf 82' lang='grc' dir='ltr'><strong><em>κύλικας.</em></strong></span> <span class='ocrx_word' id='word_1_13' title='bbox 286 517 475 602; x_wconf 77' lang='lat' dir='ltr'><strong>Adjectivum</strong></span> <span class='ocrx_word' id='word_1_14' title='bbox 505 509 688 607; x_wconf 75' lang='grc' dir='ltr'><strong><em>εὐχανδής,</em></strong></span> <span class='ocrx_word' id='word_1_15' title='bbox 718 518 795 600; x_wconf 91' lang='lat' dir='ltr'><strong>qnod</strong></span> <span class='ocrx_word' id='word_1_16' title='bbox 824 517 961 603; x_wconf 83' lang='lat' dir='ltr'><strong>Riglcrus</strong></span> <span class='ocrx_word' id='word_1_17' title='bbox 990 530 1149 603; x_wconf 87' lang='lat' dir='ltr'><strong>suspectat</strong></span> <span class='ocrx_word' id='word_1_18' title='bbox 1176 522 1210 585; x_wconf 90' lang='lat' dir='ltr'><strong>ad</strong></span> 
     </span>
     <span class='ocr_line' id='line_1_4' title="bbox 97 618 1207 704; baseline -0.001 -16"><span class='ocrx_word' id='word_1_19' title='bbox 97 622 232 690; x_wconf 86' lang='lat' dir='ltr'><strong>Manetb.</strong></span> <span class='ocrx_word' id='word_1_20' title='bbox 256 619 308 684; x_wconf 91' lang='lat' dir='ltr'><strong>Vl.</strong></span> <span class='ocrx_word' id='word_1_21' title='bbox 333 618 408 683; x_wconf 99' lang='grc'><strong>463.</strong></span> <span class='ocrx_word' id='word_1_22' title='bbox 433 620 592 704; x_wconf 86' lang='lat' dir='ltr'><strong>exemplis,</strong></span> <span class='ocrx_word' id='word_1_23' title='bbox 615 639 690 703; x_wconf 87' lang='lat' dir='ltr'><strong>quae</strong></span> <span class='ocrx_word' id='word_1_24' title='bbox 703 618 858 683; x_wconf 87' lang='lat' dir='ltr'><strong>daoobsius</strong></span> <span class='ocrx_word' id='word_1_25' title='bbox 879 618 968 684; x_wconf 78' lang='lat' dir='ltr'><strong>offert</strong></span> <span class='ocrx_word' id='word_1_26' title='bbox 980 621 1017 683; x_wconf 93' lang='lat' dir='ltr'><strong>ad</strong></span> <span class='ocrx_word' id='word_1_27' title='bbox 1029 621 1128 686; x_wconf 87' lang='lat' dir='ltr'><strong>Antb.</strong></span> <span class='ocrx_word' id='word_1_28' title='bbox 1148 623 1207 688; x_wconf 90' lang='lat' dir='ltr'><strong>Pal.</strong></span> 
     </span>
     <span class='ocr_line' id='line_1_5' title="bbox 98 720 1207 810; baseline 0.003 -23"><span class='ocrx_word' id='word_1_29' title='bbox 98 747 129 810; x_wconf 83' lang='lat' dir='ltr'><strong>p.</strong></span> <span class='ocrx_word' id='word_1_30' title='bbox 154 722 229 788; x_wconf 92' lang='grc'><strong>157.</strong></span> <span class='ocrx_word' id='word_1_31' title='bbox 259 722 333 787; x_wconf 87' lang='lat' dir='ltr'><strong>satis</strong></span> <span class='ocrx_word' id='word_1_32' title='bbox 355 723 501 786; x_wconf 91' lang='lat' dir='ltr'><strong>munitum</strong></span> <span class='ocrx_word' id='word_1_33' title='bbox 524 723 656 805; x_wconf 83' lang='lat' dir='ltr'><strong>adeoque</strong></span> <span class='ocrx_word' id='word_1_34' title='bbox 677 720 710 783; x_wconf 92' lang='lat' dir='ltr'><strong>in</strong></span> <span class='ocrx_word' id='word_1_35' title='bbox 733 722 798 784; x_wconf 90' lang='lat' dir='ltr'><strong>cod.</strong></span> <span class='ocrx_word' id='word_1_36' title='bbox 822 721 924 786; x_wconf 88' lang='lat' dir='ltr'><strong>Goett.</strong></span> <span class='ocrx_word' id='word_1_37' title='bbox 949 722 1096 787; x_wconf 80' lang='lat' dir='ltr'><strong>Nicandri</strong></span> <span class='ocrx_word' id='word_1_38' title='bbox 1118 726 1207 790; x_wconf 80' lang='lat' dir='ltr'><strong>Alex.</strong></span> 
     </span>
     <span class='ocr_line' id='line_1_6' title="bbox 98 818 1210 915; baseline 0 -23"><span class='ocrx_word' id='word_1_39' title='bbox 98 827 152 892; x_wconf 89' lang='grc'><strong>63.</strong></span> <span class='ocrx_word' id='word_1_40' title='bbox 171 825 399 912; x_wconf 82' lang='lat' dir='ltr'><strong>praeferendum</strong></span> <span class='ocrx_word' id='word_1_41' title='bbox 413 825 535 909; x_wconf 82' lang='lat' dir='ltr'><strong>vulgato</strong></span> <span class='ocrx_word' id='word_1_42' title='bbox 549 818 720 915; x_wconf 74' lang='grc' dir='ltr'><strong><em>ἐνχανδής.</em></strong></span> <span class='ocrx_word' id='word_1_43' title='bbox 753 823 856 888; x_wconf 86' lang='lat' dir='ltr'><strong>Tertio</strong></span> <span class='ocrx_word' id='word_1_44' title='bbox 872 825 1097 910; x_wconf 80' lang='lat' dir='ltr'><strong>Lexicograqbi</strong></span> <span class='ocrx_word' id='word_1_45' title='bbox 1118 829 1210 892; x_wconf 81' lang='lat' dir='ltr'><strong>nostri</strong></span> 
     </span>
     <span class='ocr_line' id='line_1_7' title="bbox 97 918 1210 1017; baseline 0.001 -19"><span class='ocrx_word' id='word_1_46' title='bbox 97 923 282 1016; x_wconf 69' lang='lat' dir='ltr'><strong>duodecade</strong></span> <span class='ocrx_word' id='word_1_47' title='bbox 304 939 335 991; x_wconf 90' lang='lat' dir='ltr'><strong>et</strong></span> <span class='ocrx_word' id='word_1_48' title='bbox 356 918 502 1013; x_wconf 75' lang='grc' dir='ltr'><strong><em>α’,αφαδῶ</em></strong></span> <span class='ocrx_word' id='word_1_49' title='bbox 523 925 666 1011; x_wconf 79' lang='lat' dir='ltr'><strong>pluralem</strong></span> <span class='ocrx_word' id='word_1_50' title='bbox 690 927 875 991; x_wconf 88' lang='lat' dir='ltr'><strong>essevolunt</strong></span> <span class='ocrx_word' id='word_1_51' title='bbox 889 928 1029 1013; x_wconf 77' lang='lat' dir='ltr'><strong>adjectivi</strong></span> <span class='ocrx_word' id='word_1_52' title='bbox 1049 924 1210 1017; x_wconf 84' lang='grc' dir='ltr'><strong><em>ῶναφαν-</em></strong></span> 
     </span>
     <span class='ocr_line' id='line_1_8' title="bbox 98 1023 1210 1120; baseline 0.005 -27"><span class='ocrx_word' id='word_1_53' title='bbox 98 1023 166 1113; x_wconf 78' lang='grc' dir='ltr'><strong>δός,</strong></span> <span class='ocrx_word' id='word_1_54' title='bbox 192 1031 269 1116; x_wconf 93' lang='lat' dir='ltr'><strong>quod</strong></span> <span class='ocrx_word' id='word_1_55' title='bbox 291 1031 357 1094; x_wconf 90' lang='lat' dir='ltr'><strong>sine</strong></span> <span class='ocrx_word' id='word_1_56' title='bbox 380 1029 562 1093; x_wconf 73' lang='lat' dir='ltr'><strong>dubitatione</strong></span> <span class='ocrx_word' id='word_1_57' title='bbox 585 1030 801 1106; x_wconf 87' lang='lat' dir='ltr'><strong>concederem,</strong></span> <span class='ocrx_word' id='word_1_58' title='bbox 831 1029 925 1093; x_wconf 89' lang='lat' dir='ltr'><strong>sicubi</strong></span> <span class='ocrx_word' id='word_1_59' title='bbox 954 1027 972 1096; x_wconf 87' lang='grc' dir='ltr'><strong><em>ῶ</em></strong></span> <span class='ocrx_word' id='word_1_60' title='bbox 995 1040 1027 1094; x_wconf 84' lang='lat' dir='ltr'><strong>et</strong></span> <span class='ocrx_word' id='word_1_61' title='bbox 1047 1027 1072 1117; x_wconf 70' lang='grc' dir='ltr'><strong>η’</strong></span> <span class='ocrx_word' id='word_1_62' title='bbox 1095 1027 1210 1120; x_wconf 79' lang='grc' dir='ltr'><strong><em>α’,ιιφα-</em></strong></span> 
     </span>
     <span class='ocr_line' id='line_1_9' title="bbox 98 1127 1207 1220; baseline -0.005 -17"><span class='ocrx_word' id='word_1_63' title='bbox 98 1133 168 1213; x_wconf 77' lang='grc' dir='ltr'><strong>δός,</strong></span> <span class='ocrx_word' id='word_1_64' title='bbox 198 1132 261 1200; x_wconf 77' lang='grc' dir='ltr'><strong>τοῦ</strong></span> <span class='ocrx_word' id='word_1_65' title='bbox 290 1129 454 1218; x_wconf 76' lang='grc' dir='ltr'><strong><em>αἰιηαιλοῶ</em></strong></span> <span class='ocrx_word' id='word_1_66' title='bbox 476 1142 536 1195; x_wconf 88' lang='lat' dir='ltr'><strong>etc.</strong></span> <span class='ocrx_word' id='word_1_67' title='bbox 568 1127 754 1216; x_wconf 83' lang='lat' dir='ltr'><strong>legerentur.</strong></span> <span class='ocrx_word' id='word_1_68' title='bbox 806 1131 864 1196; x_wconf 88' lang='lat' dir='ltr'><strong>Sed</strong></span> <span class='ocrx_word' id='word_1_69' title='bbox 888 1153 963 1217; x_wconf 89' lang='lat' dir='ltr'><strong>quae</strong></span> <span class='ocrx_word' id='word_1_70' title='bbox 993 1154 1048 1217; x_wconf 89' lang='lat' dir='ltr'><strong>pro</strong></span> <span class='ocrx_word' id='word_1_71' title='bbox 1070 1135 1207 1220; x_wconf 87' lang='lat' dir='ltr'><strong>adjectivi</strong></span> 
     </span>
     <span class='ocr_line' id='line_1_10' title="bbox 86 1200 1206 1321; baseline -0.004 -15"><span class='ocrx_word' id='word_1_72' title='bbox 86 1262 157 1306; x_wconf 85' lang='lat' dir='ltr'><strong>¹usu</strong></span> <span class='ocrx_word' id='word_1_73' title='bbox 178 1235 280 1302; x_wconf 85' lang='lat' dir='ltr'><strong>afferri</strong></span> <span class='ocrx_word' id='word_1_74' title='bbox 302 1245 441 1321; x_wconf 89' lang='lat' dir='ltr'><strong>possunt,</strong></span> <span class='ocrx_word' id='word_1_75' title='bbox 465 1200 565 1298; x_wconf 62' lang='lat' dir='ltr'><strong>omo.</strong></span> <span class='ocrx_word' id='word_1_76' title='bbox 586 1233 767 1297; x_wconf 89' lang='lat' dir='ltr'><strong>uniusmodi</strong></span> <span class='ocrx_word' id='word_1_77' title='bbox 782 1246 872 1310; x_wconf 88' lang='lat' dir='ltr'><strong>suut;</strong></span> <span class='ocrx_word' id='word_1_78' title='bbox 903 1234 1011 1320; x_wconf 85' lang='lat' dir='ltr'><strong>Odyss.</strong></span> <span class='ocrx_word' id='word_1_79' title='bbox 1028 1235 1121 1303; x_wconf 87' lang='lat' dir='ltr'><strong>XIX.</strong></span> <span class='ocrx_word' id='word_1_80' title='bbox 1138 1235 1206 1302; x_wconf 78' lang='lat'><strong>390.</strong></span> 
     </span>
     <span class='ocr_line' id='line_1_11' title="bbox 97 1329 1207 1430; baseline 0.001 -24"><span class='ocrx_word' id='word_1_81' title='bbox 97 1337 149 1430; x_wconf 76' lang='grc' dir='ltr'><strong>μη</strong></span> <span class='ocrx_word' id='word_1_82' title='bbox 176 1346 193 1406; x_wconf 82' lang='lat' dir='ltr'><strong>d</strong></span> <span class='ocrx_word' id='word_1_83' title='bbox 222 1336 377 1425; x_wconf 76' lang='grc' dir='ltr'><strong><em>λαβοῦσα</em></strong></span> <span class='ocrx_word' id='word_1_84' title='bbox 407 1331 512 1421; x_wconf 76' lang='grc' dir='ltr'><strong><em>οὐλήν</em></strong></span> <span class='ocrx_word' id='word_1_85' title='bbox 541 1329 783 1422; x_wconf 70' lang='grc' dir='ltr'><em>ἀμφράσσαιτο</em></span> <span class='ocrx_word' id='word_1_86' title='bbox 807 1335 863 1402; x_wconf 86' lang='grc' dir='ltr'><strong>καλ</strong></span> <span class='ocrx_word' id='word_1_87' title='bbox 883 1334 1030 1424; x_wconf 56' lang='lat' dir='ltr'><strong>diceudo*</strong></span> <span class='ocrx_word' id='word_1_88' title='bbox 1053 1343 1138 1428; x_wconf 81' lang='grc' dir='ltr'><strong><em>ἔργα</em></strong></span> <span class='ocrx_word' id='word_1_89' title='bbox 1157 1339 1207 1430; x_wconf 80' lang='grc' dir='ltr'><strong>ηέ-</strong></span> 
     </span>
     <span class='ocr_line' id='line_1_12' title="bbox 98 1433 1208 1532; baseline -0.003 -20"><span class='ocrx_word' id='word_1_90' title='bbox 98 1466 207 1523; x_wconf 88' lang='grc' dir='ltr'><strong><em>νοιτο,</em></strong></span> <span class='ocrx_word' id='word_1_91' title='bbox 229 1440 368 1526; x_wconf 81' lang='lat' dir='ltr'><strong>Apollon.</strong></span> <span class='ocrx_word' id='word_1_92' title='bbox 386 1439 438 1503; x_wconf 89' lang='lat' dir='ltr'><strong>lll.</strong></span> <span class='ocrx_word' id='word_1_93' title='bbox 465 1438 540 1504; x_wconf 86' lang='grc'><strong>615.</strong></span> <span class='ocrx_word' id='word_1_94' title='bbox 564 1437 615 1525; x_wconf 71' lang='grc' dir='ltr'><strong>μη</strong></span> <span class='ocrx_word' id='word_1_95' title='bbox 636 1433 778 1525; x_wconf 77' lang='grc' dir='ltr'><strong><em>α’ρίιληλα</em></strong></span> <span class='ocrx_word' id='word_1_96' title='bbox 801 1441 857 1506; x_wconf 85' lang='grc' dir='ltr'><strong>καλ</strong></span> <span class='ocrx_word' id='word_1_97' title='bbox 879 1435 1025 1532; x_wconf 68' lang='grc' dir='ltr'><strong><em>ῶηιηαιλοὶ</em></strong></span> <span class='ocrx_word' id='word_1_98' title='bbox 1047 1445 1131 1530; x_wconf 78' lang='grc' dir='ltr'><strong><em>ἔργα</em></strong></span> <span class='ocrx_word' id='word_1_99' title='bbox 1152 1442 1208 1511; x_wconf 79' lang='grc' dir='ltr'><strong>πέ-</strong></span> 
     </span>
     <span class='ocr_line' id='line_1_13' title="bbox 98 1537 1207 1633; baseline -0.006 -18"><span class='ocrx_word' id='word_1_100' title='bbox 98 1549 211 1626; x_wconf 88' lang='grc' dir='ltr'><strong><em>λοιτο,</em></strong></span> <span class='ocrx_word' id='word_1_101' title='bbox 242 1544 318 1629; x_wconf 92' lang='lat' dir='ltr'><strong>quod</strong></span> <span class='ocrx_word' id='word_1_102' title='bbox 348 1543 530 1607; x_wconf 88' lang='lat' dir='ltr'><strong>Scholiastes</strong></span> <span class='ocrx_word' id='word_1_103' title='bbox 558 1542 775 1625; x_wconf 87' lang='lat' dir='ltr'><strong>interpretatur</strong></span> <span class='ocrx_word' id='word_1_104' title='bbox 801 1537 970 1622; x_wconf 85' lang='grc' dir='ltr'><strong><em>ῶκουστῶ,</em></strong></span> <span class='ocrx_word' id='word_1_105' title='bbox 998 1542 1153 1633; x_wconf 84' lang='grc' dir='ltr'><strong><em>φανερῶ,</em></strong></span> <span class='ocrx_word' id='word_1_106' title='bbox 1180 1557 1207 1609; x_wconf 87' lang='lat' dir='ltr'><strong>et</strong></span> 
     </span>
     <span class='ocr_line' id='line_1_14' title="bbox 99 1637 1205 1733; baseline -0.005 -18"><span class='ocrx_word' id='word_1_107' title='bbox 99 1649 152 1715; x_wconf 79' lang='lat' dir='ltr'><strong>lV.</strong></span> <span class='ocrx_word' id='word_1_108' title='bbox 176 1647 230 1714; x_wconf 83' lang='lat'><strong>84.</strong></span> <span class='ocrx_word' id='word_1_109' title='bbox 260 1641 326 1731; x_wconf 82' lang='grc' dir='ltr'><strong>πρὸ</strong></span> <span class='ocrx_word' id='word_1_110' title='bbox 353 1644 418 1733; x_wconf 77' lang='grc' dir='ltr'><strong><em>ηολρ</em></strong></span> <span class='ocrx_word' id='word_1_111' title='bbox 450 1641 634 1730; x_wconf 80' lang='grc' dir='ltr'><strong><em>α’ναφανιλοὶ</em></strong></span> <span class='ocrx_word' id='word_1_112' title='bbox 656 1644 814 1712; x_wconf 78' lang='grc' dir='ltr'><strong><em>τέτυκται</em></strong></span> <span class='ocrx_word' id='word_1_113' title='bbox 840 1637 978 1726; x_wconf 72' lang='grc' dir='ltr'><strong><em>πάντα,</em></strong></span> <span class='ocrx_word' id='word_1_114' title='bbox 1012 1647 1121 1728; x_wconf 79' lang='lat' dir='ltr'><strong>Quint.</strong></span> <span class='ocrx_word' id='word_1_115' title='bbox 1146 1647 1205 1711; x_wconf 87' lang='lat' dir='ltr'><strong>Cal.</strong></span> 
     </span>
     <span class='ocr_line' id='line_1_15' title="bbox 98 1743 1208 1838; baseline -0.001 -20"><span class='ocrx_word' id='word_1_116' title='bbox 98 1753 169 1818; x_wconf 90' lang='lat' dir='ltr'><strong>Xll.</strong></span> <span class='ocrx_word' id='word_1_117' title='bbox 189 1750 264 1818; x_wconf 85' lang='grc'><strong>242.</strong></span> <span class='ocrx_word' id='word_1_118' title='bbox 289 1743 378 1836; x_wconf 83' lang='grc' dir='ltr'><strong><em>ὄφρα</em></strong></span> <span class='ocrx_word' id='word_1_119' title='bbox 402 1743 453 1833; x_wconf 76' lang='grc' dir='ltr'><strong>μη</strong></span> <span class='ocrx_word' id='word_1_120' title='bbox 474 1743 619 1835; x_wconf 79' lang='grc' dir='ltr'><strong><em>οἷμηαὸῶ</em></strong></span> <span class='ocrx_word' id='word_1_121' title='bbox 643 1748 777 1835; x_wconf 73' lang='grc' dir='ltr'><strong><em>Τρωσὶν</em></strong></span> <span class='ocrx_word' id='word_1_122' title='bbox 791 1743 935 1838; x_wconf 79' lang='grc' dir='ltr'><strong><em>Ἀχαιῶν</em></strong></span> <span class='ocrx_word' id='word_1_123' title='bbox 957 1752 1038 1836; x_wconf 75' lang='grc' dir='ltr'><strong><em>ἔργα</em></strong></span> <span class='ocrx_word' id='word_1_124' title='bbox 1061 1749 1208 1838; x_wconf 77' lang='grc' dir='ltr'><strong><em>πέληται,</em></strong></span> 
     </span>
     <span class='ocr_line' id='line_1_16' title="bbox 99 1845 1206 1939; baseline -0.004 -17"><span class='ocrx_word' id='word_1_125' title='bbox 99 1869 132 1923; x_wconf 85' lang='lat' dir='ltr'><strong>ct</strong></span> <span class='ocrx_word' id='word_1_126' title='bbox 152 1853 236 1918; x_wconf 91' lang='lat' dir='ltr'><strong>Xlll.</strong></span> <span class='ocrx_word' id='word_1_127' title='bbox 260 1851 315 1918; x_wconf 90' lang='grc'><strong>26.</strong></span> <span class='ocrx_word' id='word_1_128' title='bbox 337 1847 388 1938; x_wconf 69' lang='grc' dir='ltr'><strong>,κη’</strong></span> <span class='ocrx_word' id='word_1_129' title='bbox 410 1846 554 1936; x_wconf 62' lang='lat' dir='ltr'><strong>diomede*</strong></span> <span class='ocrx_word' id='word_1_130' title='bbox 577 1845 693 1918; x_wconf 77' lang='grc' dir='ltr'><strong><em>πάντα</em></strong></span> <span class='ocrx_word' id='word_1_131' title='bbox 713 1851 864 1939; x_wconf 70' lang='grc' dir='ltr'><strong><em>γένηται,</em></strong></span> <span class='ocrx_word' id='word_1_132' title='bbox 891 1851 1035 1916; x_wconf 88' lang='lat' dir='ltr'><strong>Manetbo</strong></span> <span class='ocrx_word' id='word_1_133' title='bbox 1058 1852 1206 1920; x_wconf 61' lang='grc'><strong>141234.</strong></span> 
     </span>
     <span class='ocr_line' id='line_1_17' title="bbox 98 1951 1206 2043; baseline -0.007 -17"><span class='ocrx_word' id='word_1_134' title='bbox 98 1952 207 2027; x_wconf 75' lang='grc' dir='ltr'><strong><em>πάντ’</em></strong></span> <span class='ocrx_word' id='word_1_135' title='bbox 232 1951 415 2042; x_wconf 76' lang='grc' dir='ltr'><strong><em>ῶναφανδολ</em></strong></span> <span class='ocrx_word' id='word_1_136' title='bbox 438 1952 541 2033; x_wconf 81' lang='grc' dir='ltr'><strong><em>πέλει,</em></strong></span> <span class='ocrx_word' id='word_1_137' title='bbox 563 1962 594 2016; x_wconf 89' lang='lat' dir='ltr'><strong>et</strong></span> <span class='ocrx_word' id='word_1_138' title='bbox 616 1954 672 2016; x_wconf 94' lang='lat' dir='ltr'><strong>boc</strong></span> <span class='ocrx_word' id='word_1_139' title='bbox 693 1955 786 2017; x_wconf 88' lang='lat' dir='ltr'><strong>verbo</strong></span> <span class='ocrx_word' id='word_1_140' title='bbox 809 1953 920 2018; x_wconf 88' lang='lat' dir='ltr'><strong>omisso</strong></span> <span class='ocrx_word' id='word_1_141' title='bbox 943 1952 1114 2043; x_wconf 77' lang='lat' dir='ltr'><strong>Gregorius</strong></span> <span class='ocrx_word' id='word_1_142' title='bbox 1135 1955 1206 2020; x_wconf 79' lang='lat' dir='ltr'><strong>Nan.</strong></span> 
     </span>
     <span class='ocr_line' id='line_1_18' title="bbox 11 2049 1209 2144; baseline -0.002 -20"><span class='ocrx_word' id='word_1_143' title='bbox 11 2126 16 2141; x_wconf 62' lang='grc'><em>,</em></span> <span class='ocrx_word' id='word_1_144' title='bbox 100 2060 201 2124; x_wconf 85' lang='lat' dir='ltr'><strong>Germ.</strong></span> <span class='ocrx_word' id='word_1_145' title='bbox 220 2057 276 2121; x_wconf 91' lang='lat' dir='ltr'><strong>Xl.</strong></span> <span class='ocrx_word' id='word_1_146' title='bbox 299 2079 328 2142; x_wconf 88' lang='lat' dir='ltr'><strong>p.</strong></span> <span class='ocrx_word' id='word_1_147' title='bbox 344 2054 401 2119; x_wconf 77' lang='grc' dir='ltr'><strong>85.Ι</strong></span> <span class='ocrx_word' id='word_1_148' title='bbox 421 2054 455 2120; x_wconf 90' lang='lat' dir='ltr'><strong>B.</strong></span> <span class='ocrx_word' id='word_1_149' title='bbox 477 2056 569 2123; x_wconf 74' lang='grc' dir='ltr'><strong><em>ἔνθα</em></strong></span> <span class='ocrx_word' id='word_1_150' title='bbox 590 2079 627 2120; x_wconf 87' lang='grc' dir='ltr'><strong>τε</strong></span> <span class='ocrx_word' id='word_1_151' title='bbox 647 2049 749 2122; x_wconf 76' lang='grc' dir='ltr'><strong><em>πάντ’</em></strong></span> <span class='ocrx_word' id='word_1_152' title='bbox 768 2051 966 2144; x_wconf 75' lang='grc' dir='ltr'><strong><em>ῶναηανδῶ.</em></strong></span> <span class='ocrx_word' id='word_1_153' title='bbox 1012 2057 1114 2143; x_wconf 81' lang='lat' dir='ltr'><strong>Atque</strong></span> <span class='ocrx_word' id='word_1_154' title='bbox 1136 2059 1209 2144; x_wconf 92' lang='lat' dir='ltr'><strong>ejus-</strong></span> 
     </span>
     <span class='ocr_line' id='line_1_19' title="bbox 99 2156 1210 2244; baseline 0.002 -19"><span class='ocrx_word' id='word_1_155' title='bbox 99 2162 178 2226; x_wconf 89' lang='lat' dir='ltr'><strong>modi</strong></span> <span class='ocrx_word' id='word_1_156' title='bbox 200 2159 346 2242; x_wconf 84' lang='lat' dir='ltr'><strong>excmplis</strong></span> <span class='ocrx_word' id='word_1_157' title='bbox 376 2157 484 2221; x_wconf 84' lang='lat' dir='ltr'><strong>nititur</strong></span> <span class='ocrx_word' id='word_1_158' title='bbox 508 2156 656 2221; x_wconf 78' lang='lat' dir='ltr'><strong>Eustatbii</strong></span> <span class='ocrx_word' id='word_1_159' title='bbox 683 2160 834 2223; x_wconf 88' lang='lat' dir='ltr'><strong>sententia</strong></span> <span class='ocrx_word' id='word_1_160' title='bbox 855 2181 884 2244; x_wconf 87' lang='lat' dir='ltr'><strong>p.</strong></span> <span class='ocrx_word' id='word_1_161' title='bbox 903 2158 998 2237; x_wconf 88' lang='grc'><strong>1062,</strong></span> <span class='ocrx_word' id='word_1_162' title='bbox 1022 2160 1077 2227; x_wconf 84' lang='grc'><strong>32.</strong></span> <span class='ocrx_word' id='word_1_163' title='bbox 1112 2156 1210 2230; x_wconf 79' lang='grc' dir='ltr'><strong><em>αὐτο-</em></strong></span> 
     </span>
     <span class='ocr_line' id='line_1_20' title="bbox 100 2252 1210 2353; baseline 0.001 -22"><span class='ocrx_word' id='word_1_164' title='bbox 100 2254 201 2353; x_wconf 80' lang='grc' dir='ltr'><strong><em>οχειλῶ</em></strong></span> <span class='ocrx_word' id='word_1_165' title='bbox 222 2257 300 2329; x_wconf 84' lang='grc' dir='ltr'><strong><em>οἷντλ</em></strong></span> <span class='ocrx_word' id='word_1_166' title='bbox 321 2261 385 2328; x_wconf 84' lang='grc' dir='ltr'><strong>τοῦ</strong></span> <span class='ocrx_word' id='word_1_167' title='bbox 405 2252 620 2349; x_wconf 71' lang='grc' dir='ltr'><strong><em>αὐτοσχεδόν,</em></strong></span> <span class='ocrx_word' id='word_1_168' title='bbox 652 2257 775 2329; x_wconf 78' lang='grc' dir='ltr'><strong><em>ὁποῖον</em></strong></span> <span class='ocrx_word' id='word_1_169' title='bbox 797 2263 853 2330; x_wconf 83' lang='grc' dir='ltr'><strong>καλ</strong></span> <span class='ocrx_word' id='word_1_170' title='bbox 875 2261 913 2328; x_wconf 83' lang='grc' dir='ltr'><strong>τὸ</strong></span> <span class='ocrx_word' id='word_1_171' title='bbox 938 2259 1117 2350; x_wconf 66' lang='grc' dir='ltr'><strong><em>αἠιφαιλόν,</em></strong></span> <span class='ocrx_word' id='word_1_172' title='bbox 1144 2262 1210 2352; x_wconf 72' lang='lat' dir='ltr'><strong>du-</strong></span> 
     </span>
     <span class='ocr_line' id='line_1_21' title="bbox 100 2359 1209 2456; baseline -0.001 -22"><span class='ocrx_word' id='word_1_173' title='bbox 100 2359 204 2456; x_wconf 78' lang='grc' dir='ltr'><strong><em>φαιλῶ,</em></strong></span> <span class='ocrx_word' id='word_1_174' title='bbox 224 2364 507 2452; x_wconf 78' lang='grc' dir='ltr'><strong><em>μεταβληθέντος</em></strong></span> <span class='ocrx_word' id='word_1_175' title='bbox 530 2364 593 2430; x_wconf 79' lang='lat' dir='ltr'><strong>coci</strong></span> <span class='ocrx_word' id='word_1_176' title='bbox 612 2366 882 2450; x_wconf 80' lang='grc' dir='ltr'><strong><em>ἐπιρῥηματικσῶ</em></strong></span> <span class='ocrx_word' id='word_1_177' title='bbox 903 2366 1019 2433; x_wconf 81' lang='grc' dir='ltr'><strong><em>ἑνικοῦ</em></strong></span> <span class='ocrx_word' id='word_1_178' title='bbox 1034 2364 1209 2455; x_wconf 76' lang='grc' dir='ltr'><strong><em>οὐδετέρου</em></strong></span> 
     </span>
     <span class='ocr_line' id='line_1_22' title="bbox 99 2455 1208 2561; baseline 0 -23"><span class='ocrx_word' id='word_1_179' title='bbox 99 2474 147 2547; x_wconf 81' lang='grc' dir='ltr'><strong>εἰς</strong></span> <span class='ocrx_word' id='word_1_180' title='bbox 172 2463 409 2556; x_wconf 78' lang='grc' dir='ltr'><strong><em>πληθυντικόν</em></strong></span> <span class='ocrx_word' id='word_1_181' title='bbox 431 2463 566 2554; x_wconf 82' lang='grc' dir='ltr'><strong><em>ὅμοιον,</em></strong></span> <span class='ocrx_word' id='word_1_182' title='bbox 591 2479 661 2552; x_wconf 83' lang='lat' dir='ltr'><strong>etp.</strong></span> <span class='ocrx_word' id='word_1_183' title='bbox 679 2465 774 2543; x_wconf 91' lang='grc'><strong>1464,</strong></span> <span class='ocrx_word' id='word_1_184' title='bbox 792 2466 843 2535; x_wconf 85' lang='grc'><strong>51.</strong></span> <span class='ocrx_word' id='word_1_185' title='bbox 860 2465 899 2535; x_wconf 81' lang='lat' dir='ltr'><strong>cd</strong></span> <span class='ocrx_word' id='word_1_186' title='bbox 915 2466 1103 2556; x_wconf 77' lang='grc' dir='ltr'><strong><em>α’ναφανδῶ</em></strong></span> <span class='ocrx_word' id='word_1_187' title='bbox 1119 2455 1208 2561; x_wconf 69' lang='grc' dir='ltr'><strong><em>ἔσχη-</em></strong></span> 
     </span>
     <span class='ocr_line' id='line_1_23' title="bbox 97 2565 1208 2664; baseline -0.001 -23"><span class='ocrx_word' id='word_1_188' title='bbox 97 2567 263 2663; x_wconf 67' lang='lat' dir='ltr'><strong>odoaccar</strong></span> <span class='ocrx_word' id='word_1_189' title='bbox 294 2572 536 2658; x_wconf 75' lang='grc' dir='ltr'><strong><em>πληθυντικῶς</em></strong></span> <span class='ocrx_word' id='word_1_190' title='bbox 563 2566 632 2638; x_wconf 65' lang='lat' dir='ltr'><strong>niueo*</strong></span> <span class='ocrx_word' id='word_1_191' title='bbox 663 2573 726 2637; x_wconf 78' lang='grc' dir='ltr'><strong>τοῦ</strong></span> <span class='ocrx_word' id='word_1_192' title='bbox 753 2565 955 2658; x_wconf 78' lang='grc' dir='ltr'><strong><em>οἷναφανιλόν</em></strong></span> <span class='ocrx_word' id='word_1_193' title='bbox 990 2576 1208 2664; x_wconf 64' lang='lat' dir='ltr'><strong>duodequadr-</strong></span> 
     </span>
     <span class='ocr_line' id='line_1_24' title="bbox 98 2670 1208 2764; baseline 0.003 -22"><span class='ocrx_word' id='word_1_194' title='bbox 98 2676 162 2743; x_wconf 79' lang='grc' dir='ltr'><strong>κοῶ</strong></span> <span class='ocrx_word' id='word_1_195' title='bbox 184 2670 365 2760; x_wconf 79' lang='grc' dir='ltr'><strong><em>ὀνόματος.</em></strong></span> <span class='ocrx_word' id='word_1_196' title='bbox 408 2675 489 2758; x_wconf 84' lang='lat' dir='ltr'><strong>Ergo</strong></span> <span class='ocrx_word' id='word_1_197' title='bbox 512 2696 550 2738; x_wconf 94' lang='lat' dir='ltr'><strong>ne</strong></span> <span class='ocrx_word' id='word_1_198' title='bbox 570 2676 596 2737; x_wconf 91' lang='lat' dir='ltr'><strong>is</strong></span> <span class='ocrx_word' id='word_1_199' title='bbox 619 2676 735 2758; x_wconf 91' lang='lat' dir='ltr'><strong>quidem</strong></span> <span class='ocrx_word' id='word_1_200' title='bbox 759 2675 832 2739; x_wconf 90' lang='lat' dir='ltr'><strong>baec</strong></span> <span class='ocrx_word' id='word_1_201' title='bbox 854 2672 1033 2743; x_wconf 71' lang='lat' dir='ltr'><strong>duodecino?</strong></span> <span class='ocrx_word' id='word_1_202' title='bbox 1057 2674 1208 2764; x_wconf 85' lang='grc' dir='ltr'><strong><em>ὀνόματα</em></strong></span> 
     </span>
     <span class='ocr_line' id='line_1_25' title="bbox 99 2767 1208 2868; baseline 0 -25"><span class='ocrx_word' id='word_1_203' title='bbox 99 2776 210 2844; x_wconf 78' lang='lat' dir='ltr'><strong>vocdrc</strong></span> <span class='ocrx_word' id='word_1_204' title='bbox 232 2796 323 2839; x_wconf 89' lang='lat' dir='ltr'><strong>ausus</strong></span> <span class='ocrx_word' id='word_1_205' title='bbox 349 2784 407 2849; x_wconf 84' lang='lat' dir='ltr'><strong>est,</strong></span> <span class='ocrx_word' id='word_1_206' title='bbox 432 2777 500 2858; x_wconf 90' lang='lat' dir='ltr'><strong>quia</strong></span> <span class='ocrx_word' id='word_1_207' title='bbox 524 2767 694 2861; x_wconf 76' lang='grc' dir='ltr'><strong><em>α’μφαιλός,</em></strong></span> <span class='ocrx_word' id='word_1_208' title='bbox 718 2773 929 2868; x_wconf 79' lang='grc' dir='ltr'><strong><em>αὐτοσχεδός,</em></strong></span> <span class='ocrx_word' id='word_1_209' title='bbox 952 2801 1106 2864; x_wconf 91' lang='lat' dir='ltr'><strong>nunquam</strong></span> <span class='ocrx_word' id='word_1_210' title='bbox 1127 2782 1208 2845; x_wconf 92' lang='lat' dir='ltr'><strong>inve·</strong></span> 
     </span>
     <span class='ocr_line' id='line_1_26' title="bbox 101 2877 1206 2966; baseline 0.001 -21"><span class='ocrx_word' id='word_1_211' title='bbox 101 2891 201 2960; x_wconf 85' lang='lat' dir='ltr'><strong>norat,</strong></span> <span class='ocrx_word' id='word_1_212' title='bbox 231 2879 283 2942; x_wconf 91' lang='lat' dir='ltr'><strong>sed</strong></span> <span class='ocrx_word' id='word_1_213' title='bbox 305 2877 402 2941; x_wconf 84' lang='lat' dir='ltr'><strong>solum</strong></span> <span class='ocrx_word' id='word_1_214' title='bbox 424 2889 563 2941; x_wconf 89' lang='lat' dir='ltr'><strong>neutrum</strong></span> <span class='ocrx_word' id='word_1_215' title='bbox 587 2890 618 2942; x_wconf 94' lang='lat' dir='ltr'><strong>et</strong></span> <span class='ocrx_word' id='word_1_216' title='bbox 639 2879 669 2941; x_wconf 92' lang='lat' dir='ltr'><strong>id</strong></span> <span class='ocrx_word' id='word_1_217' title='bbox 692 2901 758 2943; x_wconf 92' lang='lat' dir='ltr'><strong>cum</strong></span> <span class='ocrx_word' id='word_1_218' title='bbox 782 2881 854 2944; x_wconf 90' lang='lat' dir='ltr'><strong>solis</strong></span> <span class='ocrx_word' id='word_1_219' title='bbox 878 2881 989 2961; x_wconf 87' lang='lat' dir='ltr'><strong>verbis,</strong></span> <span class='ocrx_word' id='word_1_220' title='bbox 1023 2883 1132 2966; x_wconf 87' lang='lat' dir='ltr'><strong>quibus</strong></span> <span class='ocrx_word' id='word_1_221' title='bbox 1154 2883 1206 2946; x_wconf 91' lang='lat' dir='ltr'><strong>La·</strong></span> 
     </span>
     <span class='ocr_line' id='line_1_27' title="bbox 99 2979 1206 3072; baseline 0 -25"><span class='ocrx_word' id='word_1_222' title='bbox 99 2984 157 3048; x_wconf 85' lang='lat' dir='ltr'><strong>tini</strong></span> <span class='ocrx_word' id='word_1_223' title='bbox 186 3001 302 3067; x_wconf 84' lang='lat' dir='ltr'><strong>quoqne</strong></span> <span class='ocrx_word' id='word_1_224' title='bbox 330 2979 471 3043; x_wconf 88' lang='lat' dir='ltr'><strong>adverbia</strong></span> <span class='ocrx_word' id='word_1_225' title='bbox 498 2981 663 3065; x_wconf 83' lang='lat' dir='ltr'><strong>adjungunt</strong></span> <span class='ocrx_word' id='word_1_226' title='bbox 688 2982 796 3066; x_wconf 81' lang='lat' dir='ltr'><strong>pulum</strong></span> <span class='ocrx_word' id='word_1_227' title='bbox 819 3006 904 3061; x_wconf 79' lang='lat' dir='ltr'><strong>erse,</strong></span> <span class='ocrx_word' id='word_1_228' title='bbox 929 2986 1099 3070; x_wconf 80' lang='lat' dir='ltr'><strong>propalam</strong></span> <span class='ocrx_word' id='word_1_229' title='bbox 1118 2985 1206 3072; x_wconf 69' lang='lat' dir='ltr'><strong>ficri.</strong></span> 
     </span>
     <span class='ocr_line' id='line_1_28' title="bbox 99 3083 1210 3171; baseline 0.006 -22"><span class='ocrx_word' id='word_1_230' title='bbox 99 3084 203 3168; x_wconf 87' lang='lat' dir='ltr'><strong>Neque</strong></span> <span class='ocrx_word' id='word_1_231' title='bbox 232 3104 273 3147; x_wconf 80' lang='lat' dir='ltr'><strong>ex</strong></span> <span class='ocrx_word' id='word_1_232' title='bbox 302 3103 337 3146; x_wconf 90' lang='lat' dir='ltr'><strong>eo</strong></span> <span class='ocrx_word' id='word_1_233' title='bbox 366 3084 443 3167; x_wconf 92' lang='lat' dir='ltr'><strong>qnod</strong></span> <span class='ocrx_word' id='word_1_234' title='bbox 471 3083 623 3147; x_wconf 86' lang='lat' dir='ltr'><strong>Lucienus</strong></span> <span class='ocrx_word' id='word_1_235' title='bbox 648 3085 744 3161; x_wconf 79' lang='lat' dir='ltr'><strong>dixit,</strong></span> <span class='ocrx_word' id='word_1_236' title='bbox 776 3087 878 3171; x_wconf 87' lang='lat' dir='ltr'><strong>Epigr.</strong></span> <span class='ocrx_word' id='word_1_237' title='bbox 900 3085 938 3150; x_wconf 86' lang='lat' dir='ltr'><strong>V.</strong></span> <span class='ocrx_word' id='word_1_238' title='bbox 963 3083 1067 3153; x_wconf 75' lang='grc' dir='ltr'><strong><em>οὐδὲν</em></strong></span> <span class='ocrx_word' id='word_1_239' title='bbox 1089 3093 1127 3155; x_wconf 74' lang='grc' dir='ltr'><strong>ἐν</strong></span> <span class='ocrx_word' id='word_1_240' title='bbox 1148 3087 1210 3156; x_wconf 90' lang='grc' dir='ltr'><strong><em>α’ν-</em></strong></span> 
     </span>
     <span class='ocr_line' id='line_1_29' title="bbox 98 3175 1209 3275; baseline 0.005 -22"><span class='ocrx_word' id='word_1_241' title='bbox 98 3175 272 3274; x_wconf 64' lang='lat' dir='ltr'><strong>deducam</strong></span> <span class='ocrx_word' id='word_1_242' title='bbox 294 3177 464 3272; x_wconf 78' lang='grc' dir='ltr'><strong><em>διακριδόν</em></strong></span> <span class='ocrx_word' id='word_1_243' title='bbox 485 3191 555 3252; x_wconf 80' lang='grc' dir='ltr'><strong><em>ἐστι</em></strong></span> <span class='ocrx_word' id='word_1_244' title='bbox 569 3184 695 3273; x_wconf 82' lang='grc' dir='ltr'><strong><em>νόημα,</em></strong></span> <span class='ocrx_word' id='word_1_245' title='bbox 720 3187 821 3274; x_wconf 81' lang='lat' dir='ltr'><strong>colligi</strong></span> <span class='ocrx_word' id='word_1_246' title='bbox 836 3190 917 3265; x_wconf 91' lang='lat' dir='ltr'><strong>licet,</strong></span> <span class='ocrx_word' id='word_1_247' title='bbox 941 3190 1123 3275; x_wconf 74' lang='lat' dir='ltr'><strong>adjectivum</strong></span> <span class='ocrx_word' id='word_1_248' title='bbox 1137 3190 1209 3258; x_wconf 82' lang='lat' dir='ltr'><strong>dtu·</strong></span> 
     </span>
     <span class='ocr_line' id='line_1_30' title="bbox 99 3279 1209 3381; baseline 0.001 -26"><span class='ocrx_word' id='word_1_249' title='bbox 99 3279 210 3377; x_wconf 79' lang='grc' dir='ltr'><strong><em>κριιλός</em></strong></span> <span class='ocrx_word' id='word_1_250' title='bbox 230 3289 263 3352; x_wconf 93' lang='lat' dir='ltr'><strong>in</strong></span> <span class='ocrx_word' id='word_1_251' title='bbox 283 3309 341 3353; x_wconf 90' lang='lat' dir='ltr'><strong>usu</strong></span> <span class='ocrx_word' id='word_1_252' title='bbox 363 3291 481 3381; x_wconf 81' lang='lat' dir='ltr'><strong>fuisse.¹</strong></span> <span class='ocrx_word' id='word_1_253' title='bbox 513 3289 589 3354; x_wconf 90' lang='lat' dir='ltr'><strong>Nam</strong></span> <span class='ocrx_word' id='word_1_254' title='bbox 609 3291 717 3355; x_wconf 88' lang='lat' dir='ltr'><strong>Graeci</strong></span> <span class='ocrx_word' id='word_1_255' title='bbox 739 3313 799 3354; x_wconf 95' lang='lat' dir='ltr'><strong>non</strong></span> <span class='ocrx_word' id='word_1_256' title='bbox 821 3291 919 3355; x_wconf 91' lang='lat' dir='ltr'><strong>solum</strong></span> <span class='ocrx_word' id='word_1_257' title='bbox 940 3294 1082 3359; x_wconf 88' lang='lat' dir='ltr'><strong>adverbia</strong></span> <span class='ocrx_word' id='word_1_258' title='bbox 1104 3294 1209 3359; x_wconf 84' lang='lat' dir='ltr'><strong>localia</strong></span> 
     </span>
     <span class='ocr_line' id='line_1_31' title="bbox 100 3392 1208 3479; baseline 0.005 -23"><span class='ocrx_word' id='word_1_259' title='bbox 100 3403 133 3456; x_wconf 89' lang='lat' dir='ltr'><strong>et</strong></span> <span class='ocrx_word' id='word_1_260' title='bbox 153 3392 328 3475; x_wconf 86' lang='lat' dir='ltr'><strong>temporalia</strong></span> <span class='ocrx_word' id='word_1_261' title='bbox 351 3414 418 3456; x_wconf 92' lang='lat' dir='ltr'><strong>cum</strong></span> <span class='ocrx_word' id='word_1_262' title='bbox 440 3394 532 3457; x_wconf 92' lang='lat' dir='ltr'><strong>verbo</strong></span> <span class='ocrx_word' id='word_1_263' title='bbox 561 3394 747 3459; x_wconf 91' lang='lat' dir='ltr'><strong>substantivo</strong></span> <span class='ocrx_word' id='word_1_264' title='bbox 777 3396 900 3479; x_wconf 87' lang='lat' dir='ltr'><strong>ejusque</strong></span> <span class='ocrx_word' id='word_1_265' title='bbox 924 3396 1048 3461; x_wconf 91' lang='lat' dir='ltr'><strong>vicariis</strong></span> <span class='ocrx_word' id='word_1_266' title='bbox 1072 3409 1208 3462; x_wconf 90' lang='lat' dir='ltr'><strong>constru-</strong></span> 
     </span>
     <span class='ocr_line' id='line_1_32' title="bbox 101 3490 1206 3585; baseline 0.005 -27"><span class='ocrx_word' id='word_1_267' title='bbox 101 3506 168 3575; x_wconf 87' lang='lat' dir='ltr'><strong>unt,</strong></span> <span class='ocrx_word' id='word_1_268' title='bbox 191 3493 352 3581; x_wconf 75' lang='grc' dir='ltr'><strong><em>μίνυνθα</em></strong></span> <span class='ocrx_word' id='word_1_269' title='bbox 374 3495 410 3563; x_wconf 78' lang='grc' dir='ltr'><strong>δὲ</strong></span> <span class='ocrx_word' id='word_1_270' title='bbox 431 3495 583 3585; x_wconf 75' lang='grc' dir='ltr'><strong><em>γίγνεται</em></strong></span> <span class='ocrx_word' id='word_1_271' title='bbox 603 3493 689 3585; x_wconf 78' lang='grc' dir='ltr'><strong><em>ἥβης</em></strong></span> <span class='ocrx_word' id='word_1_272' title='bbox 710 3490 839 3583; x_wconf 79' lang='grc' dir='ltr'><strong><em>καρπός</em></strong></span> <span class='ocrx_word' id='word_1_273' title='bbox 859 3498 1030 3563; x_wconf 88' lang='lat' dir='ltr'><strong>Mimnerm.</strong></span> <span class='ocrx_word' id='word_1_274' title='bbox 1047 3500 1096 3565; x_wconf 85' lang='lat' dir='ltr'><strong>El.</strong></span> <span class='ocrx_word' id='word_1_275' title='bbox 1117 3501 1155 3563; x_wconf 86' lang='lat' dir='ltr'><strong>ll.</strong></span> <span class='ocrx_word' id='word_1_276' title='bbox 1175 3500 1206 3563; x_wconf 88' lang='grc'><strong>7.</strong></span> 
     </span>
     <span class='ocr_line' id='line_1_33' title="bbox 102 3598 1206 3689; baseline 0.007 -26"><span class='ocrx_word' id='word_1_277' title='bbox 102 3610 162 3663; x_wconf 89' lang='lat' dir='ltr'><strong>etc.</strong></span> <span class='ocrx_word' id='word_1_278' title='bbox 186 3598 238 3661; x_wconf 87' lang='lat' dir='ltr'><strong>sed</strong></span> <span class='ocrx_word' id='word_1_279' title='bbox 261 3620 297 3661; x_wconf 90' lang='lat' dir='ltr'><strong>ea</strong></span> <span class='ocrx_word' id='word_1_280' title='bbox 319 3599 430 3677; x_wconf 90' lang='lat' dir='ltr'><strong>etiam,</strong></span> <span class='ocrx_word' id='word_1_281' title='bbox 460 3622 535 3684; x_wconf 89' lang='lat' dir='ltr'><strong>quae</strong></span> <span class='ocrx_word' id='word_1_282' title='bbox 564 3602 714 3686; x_wconf 79' lang='lat' dir='ltr'><strong>qualitatis</strong></span> <span class='ocrx_word' id='word_1_283' title='bbox 742 3611 906 3677; x_wconf 87' lang='lat' dir='ltr'><strong>vocantur,</strong></span> <span class='ocrx_word' id='word_1_284' title='bbox 933 3614 1013 3689; x_wconf 78' lang='lat' dir='ltr'><strong>etym</strong></span> <span class='ocrx_word' id='word_1_285' title='bbox 1033 3602 1104 3678; x_wconf 82' lang='grc' dir='ltr'><strong>πῶς</strong></span> <span class='ocrx_word' id='word_1_286' title='bbox 1125 3608 1206 3670; x_wconf 77' lang='grc' dir='ltr'><strong><em>ἔστα</em></strong></span> 
     </span>
     <span class='ocr_line' id='line_1_34' title="bbox 100 3698 1208 3794; baseline 0.003 -24"><span class='ocrx_word' id='word_1_287' title='bbox 100 3698 181 3777; x_wconf 72' lang='lat' dir='ltr'><strong>danic</strong></span> <span class='ocrx_word' id='word_1_288' title='bbox 201 3702 276 3766; x_wconf 85' lang='lat' dir='ltr'><strong>Eun.</strong></span> <span class='ocrx_word' id='word_1_289' title='bbox 300 3701 374 3765; x_wconf 89' lang='lat' dir='ltr'><strong>Hec.</strong></span> <span class='ocrx_word' id='word_1_290' title='bbox 399 3702 472 3770; x_wconf 86' lang='grc'><strong>532.</strong></span> <span class='ocrx_word' id='word_1_291' title='bbox 498 3705 545 3767; x_wconf 92' lang='lat' dir='ltr'><strong>cui</strong></span> <span class='ocrx_word' id='word_1_292' title='bbox 567 3707 732 3789; x_wconf 86' lang='lat' dir='ltr'><strong>appositum</strong></span> <span class='ocrx_word' id='word_1_293' title='bbox 754 3716 801 3768; x_wconf 90' lang='lat' dir='ltr'><strong>est</strong></span> <span class='ocrx_word' id='word_1_294' title='bbox 822 3704 1005 3770; x_wconf 88' lang='lat' dir='ltr'><strong>homericum</strong></span> <span class='ocrx_word' id='word_1_295' title='bbox 1026 3701 1118 3793; x_wconf 78' lang='grc' dir='ltr'><strong><em>ῶκην</em></strong></span> <span class='ocrx_word' id='word_1_296' title='bbox 1138 3705 1208 3794; x_wconf 74' lang='grc' dir='ltr'><strong><em>ἐνέ-</em></strong></span> 
     </span>
     <span class='ocr_line' id='line_1_35' title="bbox 99 3801 1251 3899; baseline 0.003 -25"><span class='ocrx_word' id='word_1_297' title='bbox 99 3831 204 3874; x_wconf 91' lang='grc' dir='ltr'><strong><em>νοντο</em></strong></span> <span class='ocrx_word' id='word_1_298' title='bbox 228 3804 338 3895; x_wconf 81' lang='grc' dir='ltr'><strong><em>σιωπῇ</em></strong></span> <span class='ocrx_word' id='word_1_299' title='bbox 360 3815 391 3867; x_wconf 90' lang='lat' dir='ltr'><strong>et</strong></span> <span class='ocrx_word' id='word_1_300' title='bbox 405 3806 506 3886; x_wconf 87' lang='lat' dir='ltr'><strong>Quint.</strong></span> <span class='ocrx_word' id='word_1_301' title='bbox 524 3808 594 3870; x_wconf 89' lang='lat' dir='ltr'><strong>Xll.</strong></span> <span class='ocrx_word' id='word_1_302' title='bbox 612 3808 686 3872; x_wconf 88' lang='grc'><strong>335.</strong></span> <span class='ocrx_word' id='word_1_303' title='bbox 709 3807 766 3874; x_wconf 76' lang='lat' dir='ltr'><strong>col</strong></span> <span class='ocrx_word' id='word_1_304' title='bbox 786 3807 822 3874; x_wconf 80' lang='lat' dir='ltr'><strong>dt</strong></span> <span class='ocrx_word' id='word_1_305' title='bbox 845 3810 955 3899; x_wconf 79' lang='grc' dir='ltr'><strong><em>σιωπῇ</em></strong></span> <span class='ocrx_word' id='word_1_306' title='bbox 968 3801 1098 3884; x_wconf 75' lang='grc' dir='ltr'><strong><em>πάντες</em></strong></span> <span class='ocrx_word' id='word_1_307' title='bbox 1114 3813 1208 3893; x_wconf 84' lang='grc' dir='ltr'><strong><em>ἔσαν,</em></strong></span> <span class='ocrx_word' id='word_1_308' title='bbox 1248 3846 1251 3851; x_wconf 48' lang='grc'>’</span> 
     </span>
     <span class='ocr_line' id='line_1_36' title="bbox 101 3904 1207 3999; baseline 0.005 -27"><span class='ocrx_word' id='word_1_309' title='bbox 101 3930 198 3994; x_wconf 92' lang='lat' dir='ltr'><strong>neque</strong></span> <span class='ocrx_word' id='word_1_310' title='bbox 227 3908 419 3972; x_wconf 83' lang='lat' dir='ltr'><strong>Aristarchus</strong></span> <span class='ocrx_word' id='word_1_311' title='bbox 455 3911 600 3974; x_wconf 89' lang='lat' dir='ltr'><strong>dubitavit</strong></span> <span class='ocrx_word' id='word_1_312' title='bbox 629 3913 811 3975; x_wconf 87' lang='lat' dir='ltr'><strong>homericum</strong></span> <span class='ocrx_word' id='word_1_313' title='bbox 839 3904 928 3978; x_wconf 76' lang='grc' dir='ltr'><strong><em>ἄνευ</em></strong></span> <span class='ocrx_word' id='word_1_314' title='bbox 963 3912 1149 3999; x_wconf 70' lang='grc' dir='ltr'><strong><em>(γενέσθαι</em></strong></span> <span class='ocrx_word' id='word_1_315' title='bbox 1178 3926 1207 3978; x_wconf 89' lang='lat' dir='ltr'><strong>et</strong></span> 
     </span>
     <span class='ocr_line' id='line_1_37' title="bbox 102 4009 1208 4099; baseline 0.008 -23"><span class='ocrx_word' id='word_1_316' title='bbox 102 4011 206 4096; x_wconf 80' lang='grc' dir='ltr'><strong><em>εἶναι)</em></strong></span> <span class='ocrx_word' id='word_1_317' title='bbox 228 4012 400 4076; x_wconf 87' lang='lat' dir='ltr'><strong>adverbium</strong></span> <span class='ocrx_word' id='word_1_318' title='bbox 422 4012 533 4077; x_wconf 89' lang='lat' dir='ltr'><strong>dicere.</strong></span> <span class='ocrx_word' id='word_1_319' title='bbox 566 4014 710 4079; x_wconf 88' lang='lat' dir='ltr'><strong>Similiter</strong></span> <span class='ocrx_word' id='word_1_320' title='bbox 733 4013 858 4099; x_wconf 76' lang='grc' dir='ltr'><strong><em>ῶνέιλην</em></strong></span> <span class='ocrx_word' id='word_1_321' title='bbox 883 4009 996 4080; x_wconf 80' lang='grc' dir='ltr'><strong><em>οὐσῶν</em></strong></span> <span class='ocrx_word' id='word_1_322' title='bbox 1017 4016 1089 4084; x_wconf 89' lang='grc' dir='ltr'><strong>τῶν</strong></span> <span class='ocrx_word' id='word_1_323' title='bbox 1108 4013 1208 4093; x_wconf 83' lang='grc' dir='ltr'><strong><em>συνό-</em></strong></span> 
     </span>
     <span class='ocr_line' id='line_1_38' title="bbox 99 4109 1206 4214; baseline 0.005 -34"><span class='ocrx_word' id='word_1_324' title='bbox 99 4111 171 4185; x_wconf 79' lang='grc' dir='ltr'><strong><em>διον</em></strong></span> <span class='ocrx_word' id='word_1_325' title='bbox 199 4113 312 4179; x_wconf 85' lang='lat' dir='ltr'><strong>Athen.</strong></span> <span class='ocrx_word' id='word_1_326' title='bbox 335 4115 419 4180; x_wconf 89' lang='lat' dir='ltr'><strong>Xlll.</strong></span> <span class='ocrx_word' id='word_1_327' title='bbox 447 4115 521 4182; x_wconf 86' lang='grc'><strong>555.</strong></span> <span class='ocrx_word' id='word_1_328' title='bbox 546 4118 584 4182; x_wconf 86' lang='grc' dir='ltr'><strong>Ι).</strong></span> <span class='ocrx_word' id='word_1_329' title='bbox 605 4109 778 4205; x_wconf 70' lang='grc' dir='ltr'><strong><em>συστάδην</em></strong></span> <span class='ocrx_word' id='word_1_330' title='bbox 800 4114 904 4208; x_wconf 78' lang='grc' dir='ltr'><strong><em>σῶοης</em></strong></span> <span class='ocrx_word' id='word_1_331' title='bbox 917 4120 978 4208; x_wconf 78' lang='grc' dir='ltr'><strong>τῆς</strong></span> <span class='ocrx_word' id='word_1_332' title='bbox 992 4121 1206 4214; x_wconf 73' lang='grc' dir='ltr'><strong>μα’χηςῡὶοῶ.</strong></span> 
     </span>
    </p>
   </div>
   <div class='ocr_carea' id='block_1_3' title="bbox 0 0 1259 4492">
    <p class='ocr_par' dir='ltr' id='par_1_3' title="bbox 0 0 1259 4492">
     <span class='ocr_line' id='line_1_39' title="bbox 0 0 1259 4492; baseline 0 0"><span class='ocrx_word' id='word_1_333' title='bbox 0 0 1259 4492; x_wconf 95' lang='lat' dir='ltr'><strong> </strong></span> 
     </span>
    </p>
   </div>
   <div class='ocr_carea' id='block_1_4' title="bbox 1103 4280 1188 4383">
    <p class='ocr_par' dir='ltr' id='par_1_4' title="bbox 1103 4280 1188 4383">
     <span class='ocr_line' id='line_1_40' title="bbox 1103 4280 1188 4383; baseline 0 -82"><span class='ocrx_word' id='word_1_334' title='bbox 1103 4290 1107 4301; x_wconf 94' lang='grc'><strong>.</strong></span> <span class='ocrx_word' id='word_1_335' title='bbox 1132 4280 1188 4383; x_wconf 37' lang='grc' dir='ltr'><strong>,ᾧ</strong></span> 
     </span>
    </p>
   </div>
  </div>
 </body>
</html>
