2506 4492
68 184 142 253 ato
420 144 735 259 nussuurnrto
762 177 826 245 111.

70 363 239 450 Epicharm.
262 360 375 425 Athen.
398 359 450 424 ΙΙΙ.
474 360 549 428 121.
573 359 608 424 B.
639 354 841 447 οἱνόστιμος,
863 352 1132 446 subadmota,
1158 381 1175 427 t

71 468 178 554 quibus
205 463 324 527 secerni
352 473 487 546 oportet,
519 484 594 548 quae
621 463 780 546 primitivis
810 473 913 527 carent
940 473 976 526 ut
1003 457 1175 550 όδόκιμος,

69 560 305 655 προςδόκιμσς,
327 563 547 651 ἐμποίνιμος,
568 557 809 652 όπερβόλιμος,
833 585 964 649 quaeque
984 576 1091 649 aperte
1112 588 1174 631 oum

70 670 251 755 simplicibus
283 668 444 751 composita
474 678 546 732 suut
577 679 612 731 ut
640 663 738 734 αὐλοὶ
767 668 886 735 τέλειοι
905 703 950 721 -
969 665 1174 752 ὑπερτέλειοι

70 773 182 838 Athen.
205 770 289 834 XIV.
313 769 388 834 634.
413 769 448 832 F.
477 779 531 832 aut
554 791 573 834 a
597 771 766 854 compositis
793 769 928 834 derivata
954 781 990 834 ut
1015 763 1182 857 α’νασιόμ-.

69 890 177 960 πιμος
199 885 229 937 et
252 864 489 959 decoctionibus
509 872 545 934 ab
568 866 772 957 σῖναπομιιή,
795 865 1017 958 φιλασιλσὶκός
1039 895 1060 936 a
1080 864 1173 959 ptiri-

69 981 189 1052 πλσυς.
224 977 378 1040 Postremo
399 974 457 1038 buc
477 975 607 1037 referam
629 974 836 1048 ἰσοτέλεοεος
857 996 911 1060 pro
933 967 1099 1060 ἰσοτελής,
1115 1000 1171 1042 σα·

69 1077 282 1172 χυβόδιστος,
298 1072 581 1167 χρυσεοπήνητος,
593 1070 856 1163 μελιπτέρωτα,
875 1075 1087 1164 φιλωρείυης,
1103 1103 1171 1145 svnt·

70 1177 267 1268 δοποιησής,
286 1170 587 1266 κωμῳδοποιητής,
606 1173 848 1268 μικραδικητής
869 1180 1037 1264 oppositum
1055 1180 1101 1272 spi
1119 1206 1171 1268 poe·

69 1282 249 1381 χαλόδικος
269 1281 397 1351 Aristot.
421 1281 508 1350 utet,
533 1280 571 1345 lt.
597 1281 649 1354 17.
673 1303 704 1373 ρ.
729 1279 830 1360 1399,
853 1280 908 1352 29.

580 1470 609 1553 ς.
631 1468 665 1534 u.

156 1593 297 1678 Sequitur
317 1592 391 1656 trias
413 1590 567 1655 nominum
589 1589 621 1653 in
640 1575 703 1665 σός
724 1589 965 1654 terminatorum.
1010 1588 1058 1654 Ab
1080 1581 1175 1665 όδοός

71 1707 103 1762 et
128 1697 227 1761 ionico
255 1689 343 1761 ὀδόν
370 1693 503 1778 procedit
529 1692 640 1776 duplex
664 1693 761 1756 forma
784 1693 1017 1777 adjectivorum,
1051 1713 1174 1778 qnorum

71 1800 216 1864 nonnulla
241 1819 294 1883 pro
319 1795 513 1861 substantivis
534 1795 655 1869 valent,
685 1786 874 1880 μονόδους,
896 1788 1098 1881 μοριόδους,
1122 1819 1175 1862 σι·

69 1897 180 1972 νόδιον
208 1902 273 1966 sive
302 1895 453 1965 συνόδων
475 1898 601 1977 Aristot.
626 1896 666 1959 H.
689 1897 771 1960 Anu.
795 1895 874 1961 Vlll.
897 1897 931 1964 2.
963 1897 1015 1983 qni
1041 1898 1132 1983 piscis
1159 1918 1175 1965 t

70 2006 190 2068 Polluce
214 1994 378 2072 συνόδους
400 2010 544 2079 vocatur3
578 1995 716 2085 ἐριόδαν
738 1996 757 2065 o‘
777 1991 946 2087 μεχόλους
971 2004 1059 2090 ἔχων
1080 1996 1175 2067 σ’δόν·

69 2128 130 2177 σας
152 2104 282 2188 Hespcb.
307 2103 469 2165 secundum
493 2101 627 2167 ordinem
651 2101 806 2168 literarum
833 2102 866 2165 in
892 2094 1039 2188 ἐριιόδων
1067 2103 1175 2168 mutari

71 2216 199 2290 oportet.
246 2205 302 2265 Sed
324 2203 479 2285 utriusque
502 2201 721 2267 terminationis
744 2203 903 2267 discrimen
927 2205 1134 2290 qualecunque
1157 2228 1177 2271 a

70 2306 223 2370 nonnullis
250 2303 391 2368 traditum
420 2325 486 2367 esse
513 2315 636 2388 apparet
662 2325 704 2367 ex
725 2306 975 2372 admonitionibus
999 2307 1176 2373 Grammati-

71 2430 173 2474 corum
183 2435 194 2484 3
232 2406 419 2493 Phrynichus
447 2407 523 2491 App.
548 2403 600 2472 58.
634 2400 798 2493 προόδων
824 2407 848 2493 ἦ
875 2409 1070 2499 προέχουσα
1088 2407 1176 2488 Ινοός

69 2502 209 2584 ὀδόντας
233 2510 290 2577 καὶ
314 2510 369 2576 ἐπὶ
390 2509 452 2575 σοῦ
474 2503 635 2597 όῤῥενος·
666 2522 699 2575 et
719 2510 795 2575 Poll.
819 2509 857 2575 ll.
881 2509 935 2576 96.
965 2509 1176 2603 όειροόχον-

68 2639 130 2688 σας
158 2619 242 2703 ἔχων
264 2607 343 2685 coda
372 2603 512 2685 ὀδόντας
538 2614 688 2681 καλεῖται
710 2605 891 2699 προόδων·
929 2614 985 2682 καὶ
1006 2614 1175 2702 προόδους

69 2720 126 2785 ἐπὶ
146 2715 319 2801 θηλυκόν.
356 2715 400 2777 De
423 2736 535 2797 genere
558 2726 665 2779 neutro
688 2737 743 2780 nos
766 2716 871 2779 edocet
888 2716 993 2802 Etym.
1013 2718 1079 2782 MS.
1100 2719 1176 2783 Her·

67 2819 171 2884 manui
194 2819 229 2880 de
251 2818 317 2879 Em.
344 2815 476 2878 Gramm.
501 2839 529 2900 p.
552 2816 607 2883 28.
638 2812 677 2883 τό
698 2810 928 2906 καρχαρόδουν
954 2819 1011 2885 καὶ
1039 2815 1174 2907 τιμήειν

69 2919 138 2990 α’πό
158 2920 221 2988 τοῦ
242 2909 449 3007 καρχαρόδον
475 2918 531 2984 καὶ
551 2919 674 3006 camiso
695 2919 812 3007 γέγονε
834 2916 920 2987 uoco?
942 2915 1171 3008 πλεονασμόν.

69 3026 146 3089 Hinc
166 3035 214 3093 est
230 3023 307 3107 quod
326 3042 379 3104 pro
397 3016 626 3109 καρχαρόδουν
644 3022 701 3092 καὶ
718 3015 919 3111 χαυλιόδσυν
938 3023 1025 3103 ζώσν
1044 3025 1170 3089 Aristot.

69 3130 105 3190 de
128 3128 209 3188 Part.
232 3124 312 3187 Anu.
337 3122 388 3186 lll.
414 3122 445 3184 1.
475 3145 503 3206 p.
528 3122 611 3200 661,
634 3124 687 3190 23.
720 3145 794 3208 quae
817 3125 1015 3189 buttmannus
1040 3126 1172 3191 Gramm.

69 3231 97 3312 §.
122 3225 180 3307 63,
204 3225 237 3289 2.
265 3227 416 3290 incassum
438 3235 604 3309 suspectat,
634 3226 702 3289 libri
725 3226 861 3291 nonnulli
883 3228 1028 3312 praebent
1049 3253 1174 3319 καρχα-

68 3330 169 3420 ρόδσν
197 3328 254 3392 καὶ
274 3321 468 3417 χαυλιόδον·
504 3339 535 3391 et
557 3327 647 3413 vulgo
670 3329 782 3415 legitur
808 3327 846 3394 cd
869 3323 1040 3415 όμφωδον
1064 3331 1115 3397 ttl.
1137 3333 1170 3401 2.

68 3456 98 3518 p.
116 3431 190 3510 663,
207 3428 260 3493 36.
286 3420 333 3493 ubi
354 3431 437 3493 codd.
459 3423 629 3516 ἄμφοδον,
651 3433 704 3497 sed
721 3431 759 3503 cd
778 3425 1008 3520 καρχαρόδουν
1029 3434 1170 3505 Philostr.

68 3536 107 3602 V.
125 3536 181 3618 Ap.
200 3532 251 3596 lV.
269 3530 323 3608 38,
343 3530 416 3594 178.
440 3533 566 3596 Aristot.
583 3533 620 3597 H.
636 3534 718 3599 Anu.
737 3533 774 3599 ll.
792 3533 846 3600 29.
871 3556 928 3619 quo
947 3535 1013 3600 loco
1035 3537 1068 3601 in
1087 3538 1171 3606 codd.

67 3627 275 3728 ααρχαρόδον
297 3645 328 3697 et
349 3627 562 3723 καρχαρόδουν
585 3637 728 3720 scriptum
749 3637 923 3715 invenitur3
946 3637 986 3704 cd
1004 3633 1175 3727 α’μφιόδον

68 3743 144 3825 apud
167 3738 291 3801 eundem
315 3737 492 3818 compluries
518 3760 549 3802 v.
572 3739 707 3808 Addend.
735 3731 908 3817 dilucidasse
927 3739 1045 3830 γενείῳ
1069 3743 1166 3809 Noun.

68 3844 134 3911 XL.
153 3840 227 3911 484.
258 3837 365 3901 Neutri
382 3838 504 3920 pluralis
523 3841 596 3905 baec
613 3841 753 3906 babemus
772 3843 926 3928 exemplaz
948 3839 1170 3934 χαυλιόδοντα

66 3944 213 4031 γένεθλα
231 3941 352 4026 Oppian.
370 3940 447 4025 Cyn.
464 3939 515 4009 lll,
533 3941 565 4006 6.
588 3942 629 4011 σοὶ
647 3941 898 4033 καρχαρόδοντα
912 3944 949 4011 Π.
967 3947 1044 4015 262.
1062 3946 1168 4015 Galen.

70 4046 105 4109 de
123 4046 184 4113 Usu
200 4047 281 4112 Part.
297 4042 354 4110 XI.
373 4043 407 4122 2,
427 4041 500 4108 588.
522 4044 641 4110 Aelian.
659 4047 696 4111 H.
715 4047 796 4111 Anu.
812 4047 869 4115 Xl.
887 4047 942 4114 37.
964 4045 1171 4119 πολυόδουσι
