2506 4492
72 164 144 241 um
234 141 239 149 ’
346 134 351 144 ’
436 157 825 231 οιεεεοιιτιοιι.

69 344 194 437 οἶνδρία
222 353 254 412 et
279 338 436 433 αδδερῖα,
468 364 574 409 corum
600 344 685 429 prins
713 344 933 410 substantivum
961 347 1029 422 est,
1063 334 1189 434 ἤνορὲη

49 465 172 542 =autem
198 449 379 536 adjectivum
401 458 436 512 ut
456 438 585 534 πινυτή
599 448 657 532 ¹⁰),
686 447 816 511 alterum
837 467 949 532 genere
973 447 1097 531 quidem
1126 470 1188 513 cum

69 557 127 620 boc
149 551 306 637 congruit,
337 552 391 615 sed
412 550 512 615 differt
533 571 570 614 eo
593 551 671 635 quod
692 570 803 614 nomen
824 545 932 637 αἰθήρ
954 550 1099 635 componi
1123 573 1187 616 cnm

69 657 138 723 aliis
160 675 221 719 nou
242 663 360 751 potest,
389 647 478 739 α’νήρ
499 664 600 718 autem
623 654 812 736 componitur
834 653 879 718 sic
900 663 935 716 ut
956 645 1093 740 πατήρ,
1122 656 1188 719 sub

69 760 176 826 stituta
196 755 295 821 vocali
317 780 348 822 ο.
392 754 505 820 Verum
527 755 609 819 illam
631 755 804 838 aphaeresis
829 755 1034 840 suspicionem
1059 756 1188 820 arbitror

69 864 199 929 udone
226 860 258 923 in
280 870 412 923 mentem
440 842 558 943 quidem
581 869 740 922 venturam
767 859 879 934 iuissc,
912 859 972 922 uisi
998 859 1187 944 potissimum

71 965 220 1051 adjectiva
248 960 379 1048 ψευδής
410 971 442 1024 et
470 951 583 1046 σαφής
613 961 650 1024 ob
680 960 784 1024 oculos
814 958 1007 1039 habuissent,
1051 983 1130 1046 quac
1156 962 1186 1025 iu
1226 1030 1230 1053 Ι

71 1086 228 1133 commuue
256 1075 378 1148 recepta
409 1084 466 1126 nec
498 1074 598 1126 temen
629 1062 837 1126 Grammaticis
868 1064 973 1129 nativa
983 1064 1075 1129 ‘visa
1105 1074 1184 1128 sunt,

71 1169 173 1234 Scbol.
197 1167 234 1230 ll.
258 1168 297 1234 A.
319 1163 394 1233 235.
424 1158 443 1231 δ
463 1164 679 1256 Ἀρίσταρχος
700 1160 926 1253 α’ναγινύσκει
945 1155 1145 1252 ψεύδεσσιν,
1168 1160 1186 1232 δ

71 1271 108 1340 δὲ
133 1267 328 1357 Ἐριιαπίας
356 1259 536 1356 ψεύδεσιν,
576 1269 650 1336 ἐπεὶ
678 1263 842 1334 οὐδέποτε
871 1264 964 1335 οἶδεν
997 1266 1016 1336 ὁ
1047 1266 1185 1357 ποιητής

71 1372 207 1444 σ’πλούν
228 1367 267 1438 cd
289 1368 436 1458 ψευδής,
465 1377 502 1438 ἐν
524 1370 562 1438 δὲ
584 1370 741 1459 concarp
765 1363 992 1458 φιλοψευδής,
1019 1365 1184 1463 dipendio,
1225 1316 1230 1461 λ

71 1497 147 1563 quae
170 1475 248 1538 ratio
271 1474 356 1538 uobis
386 1496 447 1538 non
470 1474 647 1560 gravissima
670 1476 844 1552 videretur,
877 1475 936 1538 nisi
958 1476 1110 1541 sciremus
1134 1476 1185 1540 boc

72 1600 168 1666 genus
190 1578 407 1662 adjectivorum
429 1577 614 1654 verbalium,
642 1578 670 1642 si
692 1599 759 1641 cnm
781 1578 955 1662 compositis
978 1579 1116 1663 ejusdem
1137 1599 1183 1663 ge⁴

71 1682 155 1746 neris
178 1681 370 1757 conferatur,
399 1702 533 1747 summae
556 1681 791 1745 esserationis
836 1680 1014 1764 Apollonius
1037 1683 1075 1744 de
1099 1681 1181 1768 Syut.

71 1780 290 1860 111.29,267.
315 1804 405 1867 quum
427 1785 633 1848 demonstrare
655 1783 749 1847 vellet
770 1782 1002 1846 innumerabilia
1024 1803 1096 1848 esse
1117 1805 1183 1871 syu-

71 1886 155 1952 tbcta
177 1877 224 1952 ὥν
245 1882 284 1952 τδ
306 1881 534 1972 διαλυόμενον
555 1879 629 1950 κατ’
651 1883 743 1951 ἰδίαν
765 1881 827 1952 ocia
850 1889 921 1952 ἔστι
942 1881 1061 1972 ῥητόν,
1085 1909 1184 1952 euem⁴

70 1991 121 2077 pla
142 2011 204 2053 non
226 1989 346 2053 aliunde
368 2007 455 2072 quarn
478 2009 519 2051 ex
541 1987 597 2050 hoc
620 2009 746 2051 numero
768 1989 896 2071 repetit,
922 1986 1041 2077 σεβής,
1065 1985 1186 2079 πονήρ’

70 2084 182 2182 pavois.
227 2090 320 2174 Cujus
350 2090 472 2175 generis
502 2089 649 2175 primitias
679 2090 820 2172 quasdam
851 2103 883 2155 et
912 2093 996 2177 quasi
1027 2092 1185 2157 libamenta

72 2196 152 2258 dedit
174 2193 334 2255 Homerus.
380 2192 512 2255 Primum
536 2188 633 2278 ζαής,
665 2193 781 2276 dequo
805 2204 906 2258 tamen
932 2197 1094 2259 nonsatis
1119 2217 1187 2260 cou-

72 2306 133 2361 stat
159 2294 327 2379 simplexne
355 2295 459 2359 sitan
489 2295 696 2379 compositum.
727 2295 886 2360 ·Arcadius
913 2319 942 2382 p.
968 2297 1028 2374 23,
1057 2295 1112 2364 12.
1145 2296 1186 2366 τοὶ

71 2394 386 2486 περιττοσολλύβας
408 2391 593 2484 κλινόμενον
610 2389 833 2487 βαρύνονται,
856 2397 939 2486 λύης
957 2392 1099 2476 λύεντος
1120 2397 1187 2469 οἷπδ

70 2501 134 2570 τού
156 2493 269 2590 loriam
293 2504 379 2587 (fort.
404 2500 574 2589 λοοοήεις)
599 2503 655 2570 καὶ
677 2498 716 2568 τὸ
738 2498 818 2586 ζαής
845 2498 888 2576 oia
913 2495 1087 2571 σύνθετον
1113 2498 1189 2580 dici-

71 2626 186 2687 νστα-ι,
222 2628 275 2691 pro
304 2628 363 2690 quo
390 2598 578 2692 βαρύνεται
605 2606 794 2670 scribendum
823 2615 854 2669 et
882 2627 936 2690 pro
962 2603 1204 2694 βαρύνονται,-

73 2712 150 2794 quod
171 2709 335 2793 praecedit,
359 2701 539 2781 όξύνονται
561 2708 616 2771 hoc
639 2719 687 2772 est
703 2707 947 2793 περισπῶνται.
977 2709 1053 2774 ltem
1070 2708 1186 2776 Anecd,

73 2812 175 2876 (iram.
200 2809 225 2873 l.
248 2808 302 2873 47.
336 2807 379 2882 ὥς
402 2803 514 2895 φράζω
539 2805 670 2897 φραδής
691 2806 801 2885 οὕτως
823 2804 872 2878 εἴα
896 2806 959 2896 cloio
985 2809 1189 2901 sadducaeis

71 2915 130 2984 ναὶ
151 2906 242 3002 ζαής.
283 2911 316 2975 ld
337 2912 431 2996 igitur
453 2913 519 2977 sive
542 2913 658 2976 aeolico
680 2934 764 2977 more
787 2915 982 2998 compositum
1005 2927 1054 2980 est
1077 2929 1112 2981 ut
1132 2923 1187 2998 ζα-

71 3019 203 3095 ελὲξατο
232 3017 299 3082 sive
326 3015 476 3079 communi
503 3026 537 3079 ut
562 3006 767 3096 ζύπλοοτος,
798 3018 834 3080 ad
860 3017 936 3081 hano
963 3040 1085 3084 causam
1112 3021 1187 3084 nibil

71 3123 224 3209 pcrtinet3
266 3119 318 3184 sed
346 3117 399 3182 alii
428 3117 557 3202 simplex
587 3136 654 3182 esse
686 3119 808 3183 tradunt
838 3121 918 3184 sicut
945 3123 1072 3186 verbum
1102 3119 1189 3192 Ζολει

70 3236 169 3303 πνεῖ,
192 3221 342 3294 Ζαὲντες
363 3219 527 3293 πνέοντες
548 3219 679 3307 Hesych.
704 3221 826 3306 ipseque
847 3221 994 3288 Arcadius
1016 3247 1046 3309 p.
1071 3227 1127 3305 25,
1151 3227 1183 3291 3.

71 3329 170 3394 refert
190 3326 271 3389 inter
292 3323 438 3406 simplicia
460 3333 614 3410 oxytona,
646 3318 745 3410 α’λής,
768 3317 916 3411 πρηνής,
939 3324 1082 3414 ψευδής.
1124 3330 1185 3395 Ne-

72 3452 131 3517 que
148 3427 235 3513 alpba
252 3426 374 3510 longum
391 3425 608 3495 contractionis
626 3427 835 3491 documentum
852 3431 995 3512 praebet3
1020 3453 1091 3495 uam
1108 3434 1186 3499 idem

71 3533 182 3598 babent
203 3551 264 3594 non
287 3539 441 3592 contracta
463 3521 582 3614 εὐαής,
603 3522 743 3613 ducaris,
765 3522 897 3616 οἶλιαής.
936 3530 1005 3597 Jam
1027 3536 1105 3618 apud
1126 3535 1187 3599 Ho-

28 3700 32 3709 ,
70 3657 188 3702 merum
212 3633 259 3696 bis
283 3631 395 3717 legitur
419 3629 500 3719 ζαής
524 3626 654 3718 domoc
676 3635 732 3696 ud.
755 3635 801 3726 E.
825 3631 900 3698 368.
925 3645 957 3698 et
978 3635 1014 3699 ll.
1032 3640 1084 3705 M.
1110 3636 1186 3702 157.

73 3792 283 3811 *ιι-ι*

143 3897 187 3965 10)
204 3892 263 3950 Ἠν
280 3885 328 3949 οἶν
344 3898 391 3948 ναὶ
408 3892 441 3948 ad
458 3890 576 3963 εὖὴνοιρ,
599 3888 647 3967 εἶφ’
663 3884 697 3949 οδ
713 3892 826 3963 κτητική
841 3891 990 3967 παραγωγή
1007 3897 1124 3955 ἔπιπτεν
1142 3893 1190 3954 οὖα

54 3972 184 4054 ,mipace
202 3972 392 4049 deincipem,
416 3981 555 4048 ν”*ρεια
578 3989 625 4035 καὶ
644 3977 832 4050 πραντόρεισ,
858 3996 905 4048 pro
922 3984 1017 4049 quibus
1038 3979 1188 4062 ναστύρεισ

73 4076 101 4120 et
117 4063 246 4141 οἷντόρεια
262 4067 306 4121 vol
323 4067 395 4119 aliud
413 4067 498 4118 simile
514 4069 631 4135 posuisse
648 4068 764 4120 videtur.
