2506 4492
3 212 4 219 ς
85 137 159 207 eoa
293 190 299 197 .
435 130 917 216 orsssarurrouu,

81 319 199 405 jocose.
245 313 304 380 Sed
324 313 356 379 iu
377 311 516 400 Hippocr.
541 313 578 378 de
598 311 672 379 Aer.
695 325 727 382 et
747 312 837 384 Loca.
860 336 890 400 p·
914 311 989 381 550.
1013 312 1101 381 Τ.1.
1130 312 1190 385 cai·

15 431 16 434 ’
83 444 159 511 proc
183 415 467 521 lecpoueoce'pococ
491 415 549 483 ecl
575 415 836 535 ἐλωδιστὲγοισι,
864 418 942 482 unde
968 417 1060 484 duxit
1085 419 1191 487 Suidae

30 514 34 525 '
85 533 118 587 et
143 511 279 585 Erotiani
309 518 409 605 glossa
439 517 692 606 λειμακέστερος
723 519 790 585 sive
819 518 1058 609 λιμακέστιρος
1088 518 1191 600 τόπος

84 618 264 710 σύμφυτος
285 621 342 689 καὶ
363 617 579 708 adederdpoc,
604 621 801 687 Schneiderus
822 632 906 687 recte
927 623 1191 708 lecuceodc'oco

83 749 143 814 ρος
165 724 301 809 corrigit,
324 735 359 787 ιιι
379 723 519 808 deinceps
541 723 653 808 legitur
673 745 703 812 p.
720 722 794 789 556.
815 736 846 789 et
864 722 939 791 566.
962 725 1071 791 Coraio
1090 750 1118 792 c.
1136 727 1190 807 70,

82 828 138 894 70.
161 814 313 912 vulgatam
334 827 497 890 retinente.
541 825 876 914 Λινοιιληγὲστατος,
906 828 986 910 quod
1005 827 1190 916 Lexicogre·

82 929 134 1015 phi
154 930 191 995 ad
212 923 372 1014 λινοπλήξ
392 929 546 1002 referunt,
569 927 685 991 rectius
703 949 723 991 a
742 924 945 1016 λινοπληγής
968 932 1132 1016 repetitur,
1156 944 1190 998 ut

82 1022 248 1119 ιύθηγής,
269 1026 473 1117 θεοπληγής,
495 1037 527 1091 et
547 1029 583 1091 ab
606 1049 666 1092 uno
688 1030 781 1094 verbo
800 1023 958 1118 πήγνυμι
979 1043 1104 1116 quatuor
1125 1035 1188 1099 ori·

82 1146 176 1200 untur
195 1135 408 1218 adjectivorum
429 1129 562 1194 formacr
595 1122 717 1216 εὐπήξ,
743 1133 819 1216 quod
839 1133 1033 1198 llermauuus
1054 1134 1188 1222 Euripidi

81 1237 216 1301 restituit
243 1234 295 1298 Or.
320 1230 415 1297 1428.
451 1223 658 1321 καινοπηγής
683 1232 826 1320 Aeschyl.
863 1229 1013 1324 εὐπηγής
1039 1237 1129 1302 Hom.
1158 1249 1187 1304 et

80 1338 219 1424 Hippocr.
239 1357 269 1420 p.
286 1333 360 1400 673.
380 1334 417 1398 Τ.
434 1334 472 1398 ll.
496 1345 527 1399 et
545 1335 635 1421 vulgo
655 1333 765 1399 usitata
786 1330 936 1425 εὐπαγὴς
958 1348 989 1402 et
1009 1333 1186 1427 ιῧιιηκτος.

78 1439 184 1525 Neque
211 1458 281 1502 raro
307 1437 380 1501 haec
407 1458 425 1500 ι
448 1436 576 1501 librariis
600 1437 681 1500 iuter
703 1458 736 1501 se
761 1450 986 1522 permutanturr
1025 1465 1185 1534 καρτερο-

78 1542 203 1631 πλῆγις
231 1552 262 1606 et
290 1541 568 1628 καρτεροπληγεῖς
595 1539 681 1603 Diod.
707 1539 746 1604 V.
776 1539 837 1619 34,
850 1624 854 1635 Ι
867 1540 941 1607 324.
981 1545 1128 1633 νεοθῆγι
1156 1557 1185 1610 et

78 1652 242 1733 oecapycz
262 1643 372 1708 Athen.
392 1642 458 1708 Vll.
479 1639 554 1707 306.
573 1641 607 1704 Β.
631 1643 889 1731 κυματοπλῆγις
911 1655 942 1708 et
964 1649 1184 1735 κιματοπλη-

77 1758 147 1837 γεῖς
167 1748 208 1817 ib.
234 1745 313 1809 Vlll.
336 1744 411 1811 358.
435 1745 470 1809 ll.
499 1766 625 1828 quorum
647 1745 739 1810 dativi
763 1746 828 1810 solo
850 1758 977 1811 aoceutu
998 1748 1182 1833 distinguun-

78 1860 147 1927 tur,
175 1850 356 1939 νιοπηγὲσι
377 1850 484 1935 Synes
509 1847 619 1933 Hymn.
644 1846 712 1911 Vll.
733 1845 766 1913 5.
789 1844 1037 1936 ὑδατοπληγέσι
1058 1850 1180 1935 Oppiam.

41 2016 53 2039 s
79 1951 159 2037 Cyn.
179 1950 217 2016 ll.
237 1952 311 2017 142.
337 1963 368 2016 et
387 1945 651 2038 aidoeonlrp'yeot,
672 1951 749 2034 quod
768 1949 886 2014 Bestius
903 1951 959 2035 Ep.
978 1950 1031 2016 Gr.
1055 1975 1085 2038 p.
1106 1953 1178 2019 213.

77 2063 110 2117 et
126 2050 201 2118 282.
227 2073 267 2116 ex
284 2053 341 2117 hoc
363 2053 429 2117 loco
451 2053 564 2147 profert
586 2063 725 2137 tauquam
747 2050 895 2116 sincerius
917 2052 1032 2131 altero,
1057 2055 1113 2119 sed
1131 2077 1180 2120 ue·

76 2154 139 2217 seio
161 2174 200 2216 au
220 2152 343 2218 Graecis
365 2154 438 2218 haec
460 2153 631 2236 productior
651 2154 777 2217 forma
768 2175 800 2217 ιιι
817 2178 880 2242 γης
898 2158 1101 2222 tautummodo
1120 2179 1179 2222 me·

76 2254 117 2318 tri
140 2273 228 2317 eausa
250 2252 343 2316 ascita
364 2254 421 2330 sit,
455 2255 502 2318 cui
526 2255 675 2339 explendo
700 2277 754 2342 pro
776 2277 811 2319 re
833 2267 903 2321 nata
927 2258 1039 2343 duplex
1065 2282 1179 2325 accom-

75 2356 213 2419 modatur
234 2355 326 2419 dativi
348 2356 443 2419 forma
464 2381 514 2424 coe
535 2367 566 2420 et
588 2382 670 2424 cccc.
709 2357 838 2438 Quod
813 2380 840 2422 su
860 2358 903 2422 ita
925 2371 989 2437 est,
1013 2362 1045 2425 iu
1065 2362 1175 2450 Trypl.

74 2456 152 2525 276.
185 2479 238 2544 pro
266 2456 357 2526 codo
386 2459 547 2547 πληγαῑσι
578 2460 675 2544 potius
706 2461 931 2548 γοοπληγέσσι
961 2464 1177 2527 restituendum

74 2572 142 2627 erat
169 2582 274 2646 quam,
308 2571 340 2624 ut
360 2561 539 2626 Merrielrius
566 2562 679 2639 voluit,
709 2560 945 2651 γοοπλήγισσι.
988 2563 1024 2627 ln
1044 2565 1174 2629 Maneth.

73 2662 127 2727 lv.
147 2660 223 2728 284.
247 2676 486 2752 κρατοπαγεῖς,
508 2659 685 2753 ἀχίτωνας,
707 2660 761 2733 olel
781 2668 950 2756 κορυφῇσι
972 2661 1176 2757 φαλακρούς,

75 2784 150 2850 quae
178 2774 248 2828 sunt
274 2765 431 2829 mimorum
457 2766 604 2849 epitheta,
636 2767 821 2831 scribendum
844 2768 962 2832 videtur
983 2772 1176 2857 upccouclo-

71 2878 160 2957 γεῖς,
181 2878 216 2932 ut
236 2859 418 2954 ἐκπλαγής,
442 2869 478 2932 ad
499 2869 708 2953 significandos
730 2869 933 2956 salapittarum
957 2860 1192 2956 crepitui'cum.

72 2971 255 3056 stupidorum
278 2970 421 3056 capitibus
448 2971 525 3035 rasis
554 2972 822 3056 conjunctissimos.
868 2972 1003 3057 Denique
1031 2996 1086 3058 pro
1113 2971 1176 3062 α’ῤ-

70 3068 175 3160 ῥηγής
201 3073 326 3138 Aristid.
355 3072 430 3138 Eue.
455 3073 539 3137 llom.
569 3095 599 3157 p.
622 3073 696 3138 384.
727 3073 763 3138 Τ.
787 3074 811 3137 l.
842 3086 925 3139 recte
956 3096 1037 3140 nunc
1065 3078 1204 3142 editum-

72 3168 265 3274 ιῖῥραγής,-
270 3196 338 3240 uam
359 3177 394 3239 alr
417 3176 472 3241 hoc
494 3177 585 3240 verbo
608 3198 683 3263 quae
706 3183 922 3261 componuntur
944 3188 997 3242 aut
1017 3179 1105 3262 alpha
1125 3200 1173 3243 ao-

70 3275 140 3338 risti
165 3286 217 3339 aut
239 3304 262 3343 ω
286 3279 410 3362 perfecti
432 3278 554 3342 secundi
575 3278 723 3363 accipiunt
745 3275 1012 3372 πλευμορῥωγής
1033 3281 1170 3366 Hippocr.

71 3377 107 3440 de
130 3375 188 3440 lut.
211 3376 318 3443 Affect.
343 3402 372 3464 p.
395 3379 471 3444 433.
495 3379 531 3444 Τ.
556 3380 593 3444 H.
624 3376 842 3470 καταρῥωγής
864 3381 996 3468 Hesyeh.
1024 3394 1056 3446 et
1079 3381 1174 3470 διαῤ·

71 3469 163 3568 ῥωγή
189 3479 274 3564 Hipp.
303 3484 338 3546 de
360 3484 474 3548 Articc.
502 3506 533 3569 p.
558 3482 632 3548 170.
657 3483 692 3546 Τ.
717 3483 798 3549 111.Ξ
803 3487 834 3568 ²)
863 3504 1028 3569 quanquam
1057 3487 1091 3549 iu
1117 3485 1172 3549 lucc

69 3591 191 3646 veteres
213 3580 282 3644 libri
302 3586 509 3651 variaruutv.
534 3586 622 3650 Foes.
648 3586 719 3650 Oec.
744 3608 770 3650 s.
792 3587 822 3650 h.
847 3609 879 3654 v.
902 3583 1040 3673 :apetie
1061 3585 1174 3672 legitur

69 3682 196 3772 Luciam.
220 3682 327 3748 Pseud.
352 3688 379 3769 ς.
404 3687 456 3752 15.
488 3699 519 3752 et
544 3691 620 3774 apud
646 3689 721 3754 alios
744 3689 911 3773 aequalium
938 3711 970 3755 v.
993 3687 1030 3751 ad
1053 3687 1170 3776 Phryn.

68 3805 100 3869 p.
118 3764 211 3852 84.
196 3775 357 3873 4νῆλιξν.
374 3787 592 3876 Wytteubaelr.
614 3792 652 3856 ad
672 3792 750 3856 Plut.
766 3790 913 3877 Apophth.
937 3814 968 3877 p.
987 3788 1084 3858 1083.
1105 3813 1169 3878 με·

71 3923 279 3941 *u—

137 4009 181 4077 ta)
198 4010 336 4078 Singulere
353 4019 394 4066 est
409 4009 619 4086 Κατιρρηγότας
635 4012 841 4089 διεῤῥηγμὲνους
856 4015 969 4086 llesyolr.
1172 4027 1188 4080 p·
