2506 4492
270 107 331 174 DE
359 107 524 176 NOMIN.
555 106 726 174 Multus
759 107 880 174 C.lll.
912 111 940 194 ς.
964 106 996 172 1.
1123 104 1193 180 tta

525 305 639 358 CAP.
676 304 743 358 Ill.

424 425 484 490 De
516 425 842 510 metaplasmo.

598 589 627 671 ς.
652 585 684 651 1.

159 704 293 769 Pn’mum
316 702 414 767 locum
436 703 510 767 dabo
533 704 651 769 casibus
673 705 813 790 obliquis,
839 704 944 789 quibus
962 707 1012 790 qui
1030 712 1191 776 conveniat

77 807 282 872 nominativus
305 816 357 870 aut
380 827 418 868 ne
441 806 514 891 fingi
536 807 652 890 quidem
677 818 711 871 ut
736 801 843 894 δορός,
873 804 958 887 οἶος,
989 802 1101 896 άρνός,
1123 838 1191 880 πο-

76 906 210 997 λύαρνι,
231 919 285 973 aut
306 931 366 972 non
389 908 536 972 declinari
556 919 666 993 potest,
690 910 769 974 sicut
790 908 933 990 κλάδος,
956 913 1031 995 quod
1047 913 1190 980 Tecbuici

76 1035 133 1101 pno
156 1010 290 1079 κλωδοί
310 1012 367 1075 dici
389 1012 547 1087 affirmant,
577 1033 639 1075 non
660 1011 756 1075 solum
780 1012 848 1096 quia
869 1008 953 1087 κλάς
975 1037 1119 1100 nusquam
1140 1040 1190 1083 ue·

74 1116 203 1201 peritur,
227 1116 280 1179 scd
301 1114 395 1178 multo
417 1115 512 1199 magis
535 1114 615 1199 quia,
642 1090 932 1199 quaeflperiuubur
947 1116 1003 1180 boc
1023 1120 1109 1183 modo
1128 1130 1189 1186 ter·

73 1221 188 1283 minata
216 1222 261 1298 (v.
282 1217 318 1281 (2.
337 1216 361 1280 1.
379 1217 407 1300 §-
423 1216 472 1300 3.)
501 1226 554 1279 aut
579 1214 801 1281 indeclinabilia
823 1229 894 1281 sunt
915 1229 968 1282 aut
988 1220 1077 1284 aliter
1098 1222 1191 1288 decli·

75 1331 201 1385 uantur·
248 1318 384 1383 Secundo
407 1319 474 1383 loco
496 1319 706 1385 collocabimus
729 1341 764 1384 ea
785 1317 949 1397 vocabula,
981 1343 1106 1405 quorum
1128 1327 1188 1410 pri·

72 1445 141 1488 mus
166 1443 252 1487 casus
273 1421 309 1485 ab
332 1421 453 1485 auribus
475 1411 617 1486 abhorret
637 1420 688 1485 vel
709 1422 745 1484 ob
768 1420 890 1485 nimiam
920 1424 1116 1508 exiguitatem
1137 1428 1190 1493 vel

75 1527 147 1609 quia
170 1534 372 1588 consonantes
394 1524 579 1609 asymplocas
603 1523 748 1588 continet.
793 1523 838 1586 Ad
865 1524 947 1607 prius
979 1548 1075 1608 genus
1097 1531 1188 1615 perli-

74 1639 152 1693 neut
173 1625 265 1707 κνίς,
291 1618 386 1703 κλάς,
414 1619 496 1700 στάς
518 1639 550 1691 et
576 1638 676 1691 cetera
698 1623 904 1710 monosyllaba
925 1627 957 1689 iu
983 1629 1078 1711 prima
1099 1630 1188 1715 bujus

74 1726 285 1815 disputationis
307 1739 392 1813 parte
412 1739 599 1805 enumerata,
623 1749 698 1813 quae
724 1728 777 1792 lcx
798 1737 830 1793 et
848 1748 920 1792 usus
945 1730 1090 1795 excludit.
1128 1731 1188 1796 lta·

72 1852 131 1917 que
156 1833 252 1896 Draco
273 1854 303 1917 p.
320 1831 374 1896 36.
400 1842 432 1895 αι
445 1853 473 1916 p.
492 1829 565 1897 103.
589 1830 629 1896 τά
651 1823 759 1899 στάδα
781 1829 919 1918 λίμνην,
941 1833 1051 1916 inquit,
1074 1833 1134 1901 καλ
1149 1831 1187 1900 τά

70 1931 180 2002 κλάδα
206 1928 461 2025 χροοεόκαριτον
489 1928 552 2024 οὐχ
583 1938 648 2011 ἔξει
674 1929 752 2000 τινά
775 1929 886 2011 ὀξεῖαν
909 1937 1013 2019 (scrib.
1029 1932 1188 2022 εὐθεῖαν)

72 2033 156 2110 στάς
176 2033 201 2123 ἢ
221 2032 319 2111 κλάς·
344 2036 588 2124 μεταπλασμολ
607 2030 672 2126 γάρ
692 2040 772 2104 οἶσι·
802 2040 880 2124 quod
894 2041 1040 2124 quomodo
1054 2041 1090 2104 de
1104 2032 1188 2107 κλά·

70 2139 131 2215 δος
155 2140 214 2204 diei
234 2141 348 2225 possit,
381 2162 468 2204 nemo
497 2140 639 2224 ambigit,
668 2141 720 2203 sed
742 2140 901 2206 haeremus
921 2140 955 2205 in
977 2142 1092 2219 altero,
1119 2144 1189 2226 quia

72 2263 174 2327 neque
196 2239 318 2317 στάδος
347 2263 445 2326 uequc
475 2241 573 2306 simile
596 2241 752 2325 quidquam
775 2241 897 2326 legitur.
944 2242 1103 2309 Invenitur
1123 2246 1188 2330 qui-

69 2332 140 2411 dem
163 2367 273 2410 nomeu
296 2357 436 2411 neutrum
456 2342 496 2410 τά
518 2338 671 2431 ἐμβαδόν
700 2344 776 2428 apud
798 2343 954 2429 Polybium
984 2355 1017 2408 ct
1040 2337 1201 2431 posterio-¹

70 2471 136 2531 res,
158 2448 333 2533 significans
350 2445 389 2514 τά
405 2447 475 2514 τῶν
496 2444 665 2512 ἐπιπέδων
686 2437 868 2534 σχημάτων
883 2437 1025 2535 χάρημω
1045 2443 1192 2511 Eustatb.'

71 2574 104 2637 p.
128 2549 225 2617 1029.
253 2550 305 2615 50.
339 2550 389 2634 qui
420 2571 456 2613 eo
481 2547 600 2635 saepius
620 2547 729 2622 utitur,
760 2546 799 2614 τδ
820 2547 882 2634 τῆς
904 2546 1012 2623 οἰκίας
1033 2544 1186 2636 ἐμβαδὸν

70 2677 103 2740 p.
120 2651 199 2730 436,
227 2651 281 2717 40.
306 2643 454 2718 δάπεδον
476 2648 631 2719 ἐνταῦθα
653 2648 691 2716 τά
713 2650 775 2717 τοῦ
798 2644 955 2737 δάματος
978 2647 1131 2739 ἐμβαδὸν
1153 2674 1183 2738 p.

10 2750 15 2773 '
73 2755 172 2833 1655,
195 2754 250 2824 60.
277 2755 341 2842 τοῦ
363 2751 517 2841 ἐμβαδοῦ
538 2776 568 2838 p.
591 2752 687 2831 1901,
711 2754 764 2819 55.
788 2754 857 2821 τάν
880 2754 1040 2842 ἐμβαδάν
1061 2754 1183 2819 Anatol.

73 2860 110 2923 de
128 2859 226 2943 Dyad.
250 2880 280 2942 p.
300 2854 352 2925 12.
378 2879 435 2940 quo
448 2857 604 2921 intellectu
619 2868 740 2922 veteres
762 2855 886 2947 χωρίον
908 2859 1071 2933 dixerunt3
1094 2857 1187 2920 idem-

72 2983 132 3046 que
156 2963 232 3046 apud
246 2959 410 3048 Byzantios
432 2981 488 3046 pro
513 2955 645 3047 ἐμβάτη
660 2961 735 3030 sive
757 2963 913 3048 duplaeque,
935 2960 991 3024 boc
1012 2969 1061 3024 est
1082 2958 1187 3024 lolium

72 3063 188 3139 balnei,
210 3073 364 3148 receptum
387 3073 435 3126 est
456 3084 487 3126 v.
505 3062 553 3126 Du
565 3062 661 3148 Caug.
687 3061 786 3127 Gloss
811 3064 863 3129 sed
886 3084 928 3127 cx
950 3062 1006 3126 boc
1026 3063 1185 3143 vocabulo,

72 3164 153 3255 quod
173 3165 304 3229 fortasse
325 3164 409 3249 vulgi
439 3166 533 3229 abusu
561 3184 604 3229 ex
625 3159 783 3254 ἑμβατόν
805 3177 978 3255 corruptum
1000 3177 1048 3229 est
1070 3176 1103 3229 ut
1124 3170 1189 3253 ἐμ

70 3264 180 3355 plodio
209 3288 262 3351 puo
284 3266 468 3355 ἐμβατεία,
495 3257 617 3334 ἐνάδια
637 3289 690 3353 pro
713 3261 852 3348 ἑνάτια,
882 3267 980 3354 τῆδες
1001 3289 1055 3353 pro
1076 3267 1186 3353 τῆτες,

73 3379 203 3433 cotonea
224 3391 277 3454 pro
299 3370 440 3456 cydonia,
463 3368 614 3454 specimen
637 3391 744 3454 capere
766 3371 862 3435 nefas.
908 3370 1023 3435 Deinde
1038 3371 1187 3455 adjectivo

70 3465 199 3562 χανδάς
227 3494 302 3537 usus
334 3481 381 3536 est
408 3472 529 3556 ignotus
558 3484 646 3557 poeta
672 3473 705 3537 in
726 3472 860 3558 Append.
892 3472 994 3558 Epign·
1025 3469 1185 3538 CCCLXl.

69 3579 109 3643 ἐκ
132 3572 260 3663 χανδῆς
281 3574 482 3663 ζωροποτῶν
504 3566 648 3655 κάλικος,
671 3576 749 3660 quod
770 3574 943 3640 Eustachius
967 3577 1071 3639 eodem
1092 3574 1189 3637 traxit

72 3698 103 3762 p.
119 3674 198 3753 746,
212 3675 266 3743 60.
291 3674 354 3766 ὅρα
375 3674 414 3744 τά
436 3676 572 3767 χανδῆς,
595 3669 637 3745 οὗ
657 3675 680 3764 q‘
702 3675 870 3764 αἰτιατική
892 3689 984 3745 ποιεῖ
1004 3673 1043 3742 τά
1062 3667 1189 3764 χανδόν

72 3777 262 3871 ἐτιίῤῥημα,
285 3802 342 3853 uec
354 3780 544 3845 dubitandum
558 3781 678 3845 videtur
687 3780 825 3846 Jacobsio
841 3782 878 3844 ad
890 3780 954 3843 Pal.
972 3777 1047 3853 959.
1065 3778 1188 3842 Schnei-

74 3884 167 3948 derus
196 3895 297 3948 autem
325 3884 503 3968 trajectione
532 3863 715 3971 'syllabarum
745 3884 936 3969 depravatum
965 3890 1048 3969 putat
1069 3899 1123 3965 pro
1151 3883 1214 3946 ἐκ·

18 4077 21 4081 ¹
76 3985 185 4075 ζωρῆς
205 3985 428 4076 χανδονιοτάν
446 4022 489 4036 -
504 3987 554 4052 cui
575 3986 814 4054 emendationem
834 3995 1012 4070 anteponam
1032 3981 1121 4051 aliam
1133 3982 1188 4050 mi·
1209 4004 1217 4019 “

94 4132 292 4271 χ
