<?xml version="1.0" encoding="UTF-8"?>
<!DOCTYPE html PUBLIC "-//W3C//DTD XHTML 1.0 Transitional//EN"
    "http://www.w3.org/TR/xhtml1/DTD/xhtml1-transitional.dtd">
<html xmlns="http://www.w3.org/1999/xhtml" xml:lang="en" lang="en">
 <head>
  <title>
</title>
<meta http-equiv="Content-Type" content="text/html;charset=utf-8" />
  <meta name='ocr-system' content='tesseract 3.04.00' />
  <meta name='ocr-capabilities' content='ocr_page ocr_carea ocr_par ocr_line ocrx_word'/>
</head>
<body>
  <div class='ocr_page' id='page_1' title='image "./paralipomenagra00lobegoog_0337.png"; bbox 0 0 2506 4492; ppageno 0'>
   <div class='ocr_carea' id='block_1_1' title="bbox 83 121 835 245">
    <p class='ocr_par' dir='ltr' id='par_1_1' title="bbox 83 121 835 245">
     <span class='ocr_line' id='line_1_1' title="bbox 83 121 835 245; baseline -0.003 0"><span class='ocrx_word' id='word_1_1' title='bbox 83 177 157 245; x_wconf 81' lang='lat' dir='ltr'>aaa</span> <span class='ocrx_word' id='word_1_2' title='bbox 411 121 747 242; x_wconf 77' lang='lat' dir='ltr'>¹orssnnrurro</span> <span class='ocrx_word' id='word_1_3' title='bbox 773 174 835 244; x_wconf 80' lang='lat' dir='ltr'>lv.</span> 
     </span>
    </p>
   </div>
   <div class='ocr_carea' id='block_1_2' title="bbox 16 349 1211 2180">
    <p class='ocr_par' dir='ltr' id='par_1_2' title="bbox 16 349 1211 2180">
     <span class='ocr_line' id='line_1_2' title="bbox 84 349 1185 445; baseline -0.001 -22"><span class='ocrx_word' id='word_1_4' title='bbox 84 378 148 445; x_wconf 80' lang='grc' dir='ltr'>γνη</span> <span class='ocrx_word' id='word_1_5' title='bbox 168 349 349 443; x_wconf 62' lang='lat' dir='ltr'>drancio.</span> <span class='ocrx_word' id='word_1_6' title='bbox 392 354 492 420; x_wconf 82' lang='lat' dir='ltr'>Draco</span> <span class='ocrx_word' id='word_1_7' title='bbox 512 377 542 441; x_wconf 90' lang='lat' dir='ltr'>p.</span> <span class='ocrx_word' id='word_1_8' title='bbox 566 353 620 422; x_wconf 82' lang='lat'>20.</span> <span class='ocrx_word' id='word_1_9' title='bbox 651 377 693 420; x_wconf 88' lang='lat' dir='ltr'>ex</span> <span class='ocrx_word' id='word_1_10' title='bbox 713 353 771 420; x_wconf 84' lang='lat' dir='ltr'>boc</span> <span class='ocrx_word' id='word_1_11' title='bbox 791 374 903 441; x_wconf 79' lang='lat' dir='ltr'>genere</span> <span class='ocrx_word' id='word_1_12' title='bbox 931 354 1021 420; x_wconf 80' lang='lat' dir='ltr'>affert</span> <span class='ocrx_word' id='word_1_13' title='bbox 1049 349 1185 445; x_wconf 79' lang='grc' dir='ltr'><em>α’ρχαλα,</em></span> 
     </span>
     <span class='ocr_line' id='line_1_3' title="bbox 84 453 1188 546; baseline -0.003 -21"><span class='ocrx_word' id='word_1_14' title='bbox 84 454 263 543; x_wconf 79' lang='grc' dir='ltr'><em>σεληναλα,</em></span> <span class='ocrx_word' id='word_1_15' title='bbox 286 453 462 544; x_wconf 68' lang='grc' dir='ltr'><em>α’μαξαλα,</em></span> <span class='ocrx_word' id='word_1_16' title='bbox 485 453 673 546; x_wconf 76' lang='grc' dir='ltr'><em>α’ναγααία,</em></span> <span class='ocrx_word' id='word_1_17' title='bbox 695 455 836 533; x_wconf 74' lang='grc' dir='ltr'><em>εὐνοία,</em></span> <span class='ocrx_word' id='word_1_18' title='bbox 863 453 1048 545; x_wconf 77' lang='grc' dir='ltr'><em>δραγμαλα.</em></span> <span class='ocrx_word' id='word_1_19' title='bbox 1095 458 1188 544; x_wconf 87' lang='lat' dir='ltr'>Hujus</span> 
     </span>
     <span class='ocr_line' id='line_1_4' title="bbox 84 558 1188 645; baseline 0 -21"><span class='ocrx_word' id='word_1_20' title='bbox 84 570 184 624; x_wconf 76' lang='grc' dir='ltr'><em>εοῑεω</em></span> <span class='ocrx_word' id='word_1_21' title='bbox 211 558 364 625; x_wconf 86' lang='lat' dir='ltr'>doetrinae</span> <span class='ocrx_word' id='word_1_22' title='bbox 385 560 445 625; x_wconf 90' lang='lat' dir='ltr'>late</span> <span class='ocrx_word' id='word_1_23' title='bbox 465 581 521 645; x_wconf 89' lang='lat' dir='ltr'>per</span> <span class='ocrx_word' id='word_1_24' title='bbox 541 559 711 645; x_wconf 77' lang='lat' dir='ltr'>conpendia</span> <span class='ocrx_word' id='word_1_25' title='bbox 734 569 838 624; x_wconf 83' lang='lat' dir='ltr'>nostra</span> <span class='ocrx_word' id='word_1_26' title='bbox 858 562 1007 643; x_wconf 59' lang='lat' dir='ltr'>sparsae)</span> <span class='ocrx_word' id='word_1_27' title='bbox 1020 560 1188 644; x_wconf 83' lang='lat' dir='ltr'>primordia</span> 
     </span>
     <span class='ocr_line' id='line_1_5' title="bbox 84 659 1187 747; baseline 0.002 -23"><span class='ocrx_word' id='word_1_28' title='bbox 84 671 262 746; x_wconf 73' lang='lat' dir='ltr'>quaerentes</span> <span class='ocrx_word' id='word_1_29' title='bbox 284 661 428 747; x_wconf 76' lang='lat' dir='ltr'><strong>gradatim</strong></span> <span class='ocrx_word' id='word_1_30' title='bbox 458 663 496 726; x_wconf 85' lang='lat' dir='ltr'>ad</span> <span class='ocrx_word' id='word_1_31' title='bbox 523 659 774 745; x_wconf 88' lang='lat' dir='ltr'>locupletissimos</span> <span class='ocrx_word' id='word_1_32' title='bbox 800 659 1019 725; x_wconf 82' lang='lat' dir='ltr'>Grammatioae</span> <span class='ocrx_word' id='word_1_33' title='bbox 1049 673 1187 726; x_wconf 85' lang='lat' dir='ltr'>auctores</span> 
     </span>
     <span class='ocr_line' id='line_1_6' title="bbox 83 761 1188 851; baseline 0.003 -25"><span class='ocrx_word' id='word_1_34' title='bbox 83 762 267 840; x_wconf 77' lang='lat' dir='ltr'>deducimur,</span> <span class='ocrx_word' id='word_1_35' title='bbox 290 763 492 850; x_wconf 88' lang='lat' dir='ltr'>Phrynichum</span> <span class='ocrx_word' id='word_1_36' title='bbox 516 775 547 829; x_wconf 87' lang='lat' dir='ltr'>et</span> <span class='ocrx_word' id='word_1_37' title='bbox 567 762 769 849; x_wconf 88' lang='lat' dir='ltr'>Apollonium.</span> <span class='ocrx_word' id='word_1_38' title='bbox 814 761 896 851; x_wconf 83' lang='lat' dir='ltr'>lidius</span> <span class='ocrx_word' id='word_1_39' title='bbox 914 761 1101 828; x_wconf 84' lang='lat' dir='ltr'>haec‘verba</span> <span class='ocrx_word' id='word_1_40' title='bbox 1117 774 1188 829; x_wconf 89' lang='lat' dir='ltr'>sont</span> 
     </span>
     <span class='ocr_line' id='line_1_7' title="bbox 82 860 1186 953; baseline 0.005 -24"><span class='ocrx_word' id='word_1_41' title='bbox 82 864 116 929; x_wconf 92' lang='lat' dir='ltr'>in</span> <span class='ocrx_word' id='word_1_42' title='bbox 135 864 211 950; x_wconf 85' lang='lat' dir='ltr'>App.</span> <span class='ocrx_word' id='word_1_43' title='bbox 235 886 263 950; x_wconf 83' lang='lat' dir='ltr'>p.</span> <span class='ocrx_word' id='word_1_44' title='bbox 285 865 341 941; x_wconf 78' lang='lat'>22,</span> <span class='ocrx_word' id='word_1_45' title='bbox 364 863 418 932; x_wconf 81' lang='lat'>28.</span> <span class='ocrx_word' id='word_1_46' title='bbox 450 861 602 951; x_wconf 83' lang='grc' dir='ltr'><em>ολλμαίαν</em></span> <span class='ocrx_word' id='word_1_47' title='bbox 634 863 699 950; x_wconf 76' lang='grc' dir='ltr'>τήν</span> <span class='ocrx_word' id='word_1_48' title='bbox 720 860 835 951; x_wconf 68' lang='grc' dir='ltr'><em>α’λμνν</em></span> <span class='ocrx_word' id='word_1_49' title='bbox 857 861 901 939; x_wconf 76' lang='lat' dir='ltr'>oio</span> <span class='ocrx_word' id='word_1_50' title='bbox 922 861 1059 950; x_wconf 66' lang='grc' dir='ltr'><em>Ἀθηνᾶ</em></span> <span class='ocrx_word' id='word_1_51' title='bbox 1079 861 1186 953; x_wconf 73' lang='grc' dir='ltr'><em>Ἀθη·</em></span> 
     </span>
     <span class='ocr_line' id='line_1_8' title="bbox 82 962 1185 1057; baseline -0.003 -22"><span class='ocrx_word' id='word_1_52' title='bbox 82 967 177 1046; x_wconf 80' lang='grc' dir='ltr'><em>ναλα,</em></span> <span class='ocrx_word' id='word_1_53' title='bbox 198 964 288 1053; x_wconf 76' lang='grc' dir='ltr'><em>πύλη</em></span> <span class='ocrx_word' id='word_1_54' title='bbox 309 965 447 1048; x_wconf 78' lang='grc' dir='ltr'><em>νεολαία,</em></span> <span class='ocrx_word' id='word_1_55' title='bbox 470 963 540 1051; x_wconf 79' lang='grc' dir='ltr'><em>ὥρα</em></span> <span class='ocrx_word' id='word_1_56' title='bbox 562 962 679 1051; x_wconf 74' lang='grc' dir='ltr'><em>ολραία.</em></span> <span class='ocrx_word' id='word_1_57' title='bbox 723 964 900 1051; x_wconf 87' lang='lat' dir='ltr'>Apollonius</span> <span class='ocrx_word' id='word_1_58' title='bbox 922 967 966 1030; x_wconf 88' lang='lat' dir='ltr'>ita</span> <span class='ocrx_word' id='word_1_59' title='bbox 987 967 1120 1050; x_wconf 88' lang='lat' dir='ltr'>loquitur</span> <span class='ocrx_word' id='word_1_60' title='bbox 1149 971 1185 1057; x_wconf 90' lang='lat' dir='ltr'>de</span> 
     </span>
     <span class='ocr_line' id='line_1_9' title="bbox 82 1060 1185 1161; baseline 0.005 -29"><span class='ocrx_word' id='word_1_61' title='bbox 82 1068 287 1154; x_wconf 63' lang='lat' dir='ltr'>draptes,</span> <span class='ocrx_word' id='word_1_62' title='bbox 304 1067 354 1161; x_wconf 74' lang='grc'>18.</span> <span class='ocrx_word' id='word_1_63' title='bbox 378 1069 434 1135; x_wconf 72' lang='grc' dir='ltr'>καὶ</span> <span class='ocrx_word' id='word_1_64' title='bbox 455 1064 509 1134; x_wconf 75' lang='lat' dir='ltr'>&#39;dre&#39;</span> <span class='ocrx_word' id='word_1_65' title='bbox 533 1060 715 1155; x_wconf 67' lang='grc' dir='ltr'><em>ὀνομάσων</em></span> <span class='ocrx_word' id='word_1_66' title='bbox 737 1064 813 1136; x_wconf 74' lang='grc' dir='ltr'>ἔσθ’</span> <span class='ocrx_word' id='word_1_67' title='bbox 833 1064 890 1135; x_wconf 73' lang='grc' dir='ltr'>ὅτε</span> <span class='ocrx_word' id='word_1_68' title='bbox 911 1070 1113 1161; x_wconf 73' lang='grc' dir='ltr'><em>παραγωγαὶ</em></span> <span class='ocrx_word' id='word_1_69' title='bbox 1133 1068 1185 1159; x_wconf 78' lang='grc' dir='ltr'>γε’-</span> 
     </span>
     <span class='ocr_line' id='line_1_10' title="bbox 81 1166 1183 1261; baseline 0 -23"><span class='ocrx_word' id='word_1_70' title='bbox 81 1193 205 1238; x_wconf 80' lang='grc' dir='ltr'><em>νονσαι</em></span> <span class='ocrx_word' id='word_1_71' title='bbox 230 1171 316 1238; x_wconf 78' lang='grc' dir='ltr'><em>κατεῖ</em></span> <span class='ocrx_word' id='word_1_72' title='bbox 347 1171 417 1236; x_wconf 77' lang='grc' dir='ltr'>τῶν</span> <span class='ocrx_word' id='word_1_73' title='bbox 444 1166 558 1238; x_wconf 75' lang='grc' dir='ltr'><em>αὐτῶν</em></span> <span class='ocrx_word' id='word_1_74' title='bbox 587 1170 851 1258; x_wconf 81' lang='grc' dir='ltr'><em>σημαινομένων</em></span> <span class='ocrx_word' id='word_1_75' title='bbox 880 1166 924 1245; x_wconf 71' lang='grc' dir='ltr'>οἷς</span> <span class='ocrx_word' id='word_1_76' title='bbox 950 1168 988 1237; x_wconf 80' lang='lat' dir='ltr'>ud</span> <span class='ocrx_word' id='word_1_77' title='bbox 1017 1168 1183 1261; x_wconf 81' lang='grc' dir='ltr'><em>α’ναγκαίη</em></span> 
     </span>
     <span class='ocr_line' id='line_1_11' title="bbox 16 1267 1180 1362; baseline 0.002 -24"><span class='ocrx_word' id='word_1_78' title='bbox 16 1308 36 1329; x_wconf 84' lang='lat'>··</span> <span class='ocrx_word' id='word_1_79' title='bbox 80 1274 138 1340; x_wconf 76' lang='grc' dir='ltr'><em>ναλ</em></span> <span class='ocrx_word' id='word_1_80' title='bbox 157 1269 197 1338; x_wconf 78' lang='lat' dir='ltr'>ud</span> <span class='ocrx_word' id='word_1_81' title='bbox 215 1268 391 1348; x_wconf 72' lang='grc' dir='ltr'><em>εὐναίας</em></span> <span class='ocrx_word' id='word_1_82' title='bbox 409 1267 639 1362; x_wconf 64' lang='grc' dir='ltr'><em>ἐβάλοντο,</em></span> <span class='ocrx_word' id='word_1_83' title='bbox 661 1272 766 1358; x_wconf 78' lang='lat' dir='ltr'>qrtibus</span> <span class='ocrx_word' id='word_1_84' title='bbox 778 1274 900 1339; x_wconf 76' lang='lat' dir='ltr'>tertium</span> <span class='ocrx_word' id='word_1_85' title='bbox 912 1274 1051 1359; x_wconf 51' lang='lat' dir='ltr'>&amp;jungit</span> <span class='ocrx_word' id='word_1_86' title='bbox 1064 1273 1180 1359; x_wconf 82' lang='lat' dir='ltr'>p.57⁰,</span> 
     </span>
     <span class='ocr_line' id='line_1_12' title="bbox 80 1371 1181 1461; baseline 0.001 -22"><span class='ocrx_word' id='word_1_87' title='bbox 80 1373 112 1439; x_wconf 83' lang='lat'>8.</span> <span class='ocrx_word' id='word_1_88' title='bbox 128 1371 292 1460; x_wconf 78' lang='grc' dir='ltr'><em>οἵμαξαία.</em></span> <span class='ocrx_word' id='word_1_89' title='bbox 338 1375 394 1440; x_wconf 88' lang='lat' dir='ltr'>Sed</span> <span class='ocrx_word' id='word_1_90' title='bbox 412 1374 615 1461; x_wconf 81' lang='lat' dir='ltr'>exemplorum</span> <span class='ocrx_word' id='word_1_91' title='bbox 634 1375 707 1439; x_wconf 84' lang='lat' dir='ltr'>satis</span> <span class='ocrx_word' id='word_1_92' title='bbox 726 1387 792 1457; x_wconf 68' lang='grc' dir='ltr'>σας</span> <span class='ocrx_word' id='word_1_93' title='bbox 816 1377 969 1441; x_wconf 86' lang='lat' dir='ltr'>videamus</span> <span class='ocrx_word' id='word_1_94' title='bbox 990 1377 1060 1461; x_wconf 87' lang='lat' dir='ltr'>quid</span> <span class='ocrx_word' id='word_1_95' title='bbox 1078 1398 1181 1441; x_wconf 87' lang='lat' dir='ltr'>unum·</span> 
     </span>
     <span class='ocr_line' id='line_1_13' title="bbox 80 1477 1180 1564; baseline 0.004 -24"><span class='ocrx_word' id='word_1_96' title='bbox 80 1477 215 1562; x_wconf 87' lang='lat' dir='ltr'>quodque</span> <span class='ocrx_word' id='word_1_97' title='bbox 238 1478 336 1543; x_wconf 88' lang='lat' dir='ltr'>valeat</span> <span class='ocrx_word' id='word_1_98' title='bbox 358 1479 499 1544; x_wconf 89' lang='lat' dir='ltr'>universa</span> <span class='ocrx_word' id='word_1_99' title='bbox 522 1479 617 1564; x_wconf 87' lang='lat' dir='ltr'>copia,</span> <span class='ocrx_word' id='word_1_100' title='bbox 641 1502 698 1564; x_wconf 88' lang='lat' dir='ltr'>quo</span> <span class='ocrx_word' id='word_1_101' title='bbox 720 1479 826 1543; x_wconf 91' lang='lat' dir='ltr'>melius</span> <span class='ocrx_word' id='word_1_102' title='bbox 849 1479 976 1563; x_wconf 86' lang='lat' dir='ltr'>perspici</span> <span class='ocrx_word' id='word_1_103' title='bbox 997 1479 1112 1564; x_wconf 88' lang='lat' dir='ltr'>possit,</span> <span class='ocrx_word' id='word_1_104' title='bbox 1142 1501 1180 1544; x_wconf 83' lang='lat' dir='ltr'>ex</span> 
     </span>
     <span class='ocr_line' id='line_1_14' title="bbox 79 1578 1181 1667; baseline 0.002 -25"><span class='ocrx_word' id='word_1_105' title='bbox 79 1578 184 1643; x_wconf 87' lang='lat' dir='ltr'>ordine</span> <span class='ocrx_word' id='word_1_106' title='bbox 213 1580 366 1665; x_wconf 85' lang='lat' dir='ltr'>disposita.</span> <span class='ocrx_word' id='word_1_107' title='bbox 428 1581 505 1646; x_wconf 90' lang='lat' dir='ltr'>Sunt</span> <span class='ocrx_word' id='word_1_108' title='bbox 530 1581 623 1666; x_wconf 84' lang='lat' dir='ltr'>igitur</span> <span class='ocrx_word' id='word_1_109' title='bbox 658 1582 777 1646; x_wconf 85' lang='lat' dir='ltr'>omissis</span> <span class='ocrx_word' id='word_1_110' title='bbox 807 1580 962 1667; x_wconf 77' lang='lat' dir='ltr'>adjectivis</span> <span class='ocrx_word' id='word_1_111' title='bbox 995 1578 1127 1649; x_wconf 76' lang='grc' dir='ltr'><em>δειλαία</em></span> <span class='ocrx_word' id='word_1_112' title='bbox 1153 1591 1181 1646; x_wconf 88' lang='lat' dir='ltr'>et</span> 
     </span>
     <span class='ocr_line' id='line_1_15' title="bbox 77 1675 1178 1770; baseline 0.003 -22"><span class='ocrx_word' id='word_1_113' title='bbox 77 1675 286 1761; x_wconf 76' lang='grc' dir='ltr'><em>α’πενκναία,</em></span> <span class='ocrx_word' id='word_1_114' title='bbox 309 1702 384 1767; x_wconf 82' lang='lat' dir='ltr'>quae</span> <span class='ocrx_word' id='word_1_115' title='bbox 408 1686 563 1767; x_wconf 83' lang='lat' dir='ltr'>postmodo</span> <span class='ocrx_word' id='word_1_116' title='bbox 584 1685 809 1760; x_wconf 74' lang='lat' dir='ltr'>tractabuntur,</span> <span class='ocrx_word' id='word_1_117' title='bbox 839 1682 968 1747; x_wconf 74' lang='lat' dir='ltr'>hueceer</span> <span class='ocrx_word' id='word_1_118' title='bbox 996 1677 1178 1770; x_wconf 61' lang='grc' dir='ltr'><em>Ἀθηναία,</em></span> 
     </span>
     <span class='ocr_line' id='line_1_16' title="bbox 76 1776 1211 1875; baseline 0.003 -24"><span class='ocrx_word' id='word_1_119' title='bbox 76 1776 213 1862; x_wconf 77' lang='grc' dir='ltr'><em>α’κσαία,</em></span> <span class='ocrx_word' id='word_1_120' title='bbox 236 1780 374 1862; x_wconf 58' lang='lat' dir='ltr'>dacto,</span> <span class='ocrx_word' id='word_1_121' title='bbox 394 1782 540 1873; x_wconf 68' lang='grc' dir='ltr'><em>α’λμαία,</em></span> <span class='ocrx_word' id='word_1_122' title='bbox 562 1782 727 1872; x_wconf 59' lang='lat' dir='ltr'>daubolo,</span> <span class='ocrx_word' id='word_1_123' title='bbox 748 1781 938 1872; x_wconf 67' lang='grc' dir='ltr'><em>ἀναγκαία,</em></span> <span class='ocrx_word' id='word_1_124' title='bbox 963 1779 1096 1875; x_wconf 78' lang='grc' dir='ltr'><em>α’ρχαία,</em></span> <span class='ocrx_word' id='word_1_125' title='bbox 1116 1781 1181 1854; x_wconf 72' lang='grc' dir='ltr'><em>αὖ·</em></span> <span class='ocrx_word' id='word_1_126' title='bbox 1208 1810 1211 1825; x_wconf 71' lang='grc'>’-</span> 
     </span>
     <span class='ocr_line' id='line_1_17' title="bbox 75 1884 1177 1978; baseline 0.002 -24"><span class='ocrx_word' id='word_1_127' title='bbox 75 1884 168 1964; x_wconf 70' lang='lat' dir='ltr'>icio,</span> <span class='ocrx_word' id='word_1_128' title='bbox 193 1886 373 1976; x_wconf 83' lang='grc' dir='ltr'><em>γαληναία,</em></span> <span class='ocrx_word' id='word_1_129' title='bbox 395 1887 531 1976; x_wconf 81' lang='grc' dir='ltr'><em>γνραία,</em></span> <span class='ocrx_word' id='word_1_130' title='bbox 554 1887 678 1968; x_wconf 68' lang='grc' dir='ltr'><em>δικαία,</em></span> <span class='ocrx_word' id='word_1_131' title='bbox 698 1886 887 1978; x_wconf 62' lang='lat' dir='ltr'>decemcordo,</span> <span class='ocrx_word' id='word_1_132' title='bbox 909 1885 1050 1965; x_wconf 73' lang='grc' dir='ltr'><em>εὐναία,</em></span> <span class='ocrx_word' id='word_1_133' title='bbox 1073 1889 1177 1956; x_wconf 71' lang='lat' dir='ltr'>coda-</span> 
     </span>
     <span class='ocr_line' id='line_1_18' title="bbox 75 1987 1181 2079; baseline 0.005 -25"><span class='ocrx_word' id='word_1_134' title='bbox 75 1987 176 2078; x_wconf 80' lang='grc' dir='ltr'><em>μαία,</em></span> <span class='ocrx_word' id='word_1_135' title='bbox 197 1989 326 2076; x_wconf 70' lang='lat' dir='ltr'>capeio,</span> <span class='ocrx_word' id='word_1_136' title='bbox 350 1989 503 2076; x_wconf 84' lang='grc' dir='ltr'><em>λιμναία,</em></span> <span class='ocrx_word' id='word_1_137' title='bbox 524 1989 717 2076; x_wconf 80' lang='grc' dir='ltr'><em>μελισοαλα,</em></span> <span class='ocrx_word' id='word_1_138' title='bbox 740 1987 875 2079; x_wconf 72' lang='grc' dir='ltr'><em>οὐραῖα,</em></span> <span class='ocrx_word' id='word_1_139' title='bbox 898 1988 1181 2078; x_wconf 56' lang='lat' dir='ltr'>pseudostomon·</span> 
     </span>
     <span class='ocr_line' id='line_1_19' title="bbox 76 2086 947 2180; baseline 0.001 -21"><span class='ocrx_word' id='word_1_140' title='bbox 76 2089 218 2179; x_wconf 82' lang='grc' dir='ltr'><em>φαλαία,</em></span> <span class='ocrx_word' id='word_1_141' title='bbox 239 2090 450 2180; x_wconf 83' lang='grc' dir='ltr'><em>προνομαία,</em></span> <span class='ocrx_word' id='word_1_142' title='bbox 473 2091 613 2175; x_wconf 78' lang='grc' dir='ltr'><em>νεολαία,</em></span> <span class='ocrx_word' id='word_1_143' title='bbox 635 2086 806 2179; x_wconf 80' lang='grc' dir='ltr'><em>σεληναία,</em></span> <span class='ocrx_word' id='word_1_144' title='bbox 828 2089 947 2180; x_wconf 79' lang='lat' dir='ltr'>cipedo.</span> 
     </span>
    </p>
   </div>
   <div class='ocr_carea' id='block_1_3' title="bbox 588 2261 674 2345">
    <p class='ocr_par' dir='ltr' id='par_1_3' title="bbox 588 2261 674 2345">
     <span class='ocr_line' id='line_1_20' title="bbox 588 2261 674 2345; baseline -0.035 -16"><span class='ocrx_word' id='word_1_145' title='bbox 588 2262 617 2345; x_wconf 76' lang='lat'>§-</span> <span class='ocrx_word' id='word_1_146' title='bbox 641 2261 674 2329; x_wconf 78' lang='grc' dir='ltr'>ο.</span> 
     </span>
    </p>
   </div>
   <div class='ocr_carea' id='block_1_4' title="bbox 62 2380 1178 3910">
    <p class='ocr_par' dir='ltr' id='par_1_4' title="bbox 62 2380 1178 3910">
     <span class='ocr_line' id='line_1_21' title="bbox 134 2380 1178 2470; baseline 0.005 -25"><span class='ocrx_word' id='word_1_147' title='bbox 134 2448 137 2453; x_wconf 69' lang='grc'>,</span> <span class='ocrx_word' id='word_1_148' title='bbox 160 2380 241 2466; x_wconf 78' lang='lat' dir='ltr'>Ergo</span> <span class='ocrx_word' id='word_1_149' title='bbox 262 2382 289 2447; x_wconf 90' lang='lat' dir='ltr'>si</span> <span class='ocrx_word' id='word_1_150' title='bbox 311 2402 502 2448; x_wconf 87' lang='lat' dir='ltr'>numeramus</span> <span class='ocrx_word' id='word_1_151' title='bbox 524 2383 683 2469; x_wconf 87' lang='lat' dir='ltr'>exempla,</span> <span class='ocrx_word' id='word_1_152' title='bbox 706 2382 789 2448; x_wconf 86' lang='lat' dir='ltr'>uulda</span> <span class='ocrx_word' id='word_1_153' title='bbox 809 2384 936 2468; x_wconf 89' lang='lat' dir='ltr'>reperiri</span> <span class='ocrx_word' id='word_1_154' title='bbox 957 2395 1059 2470; x_wconf 85' lang='lat' dir='ltr'>potest</span> <span class='ocrx_word' id='word_1_155' title='bbox 1090 2407 1178 2452; x_wconf 69' lang='lat' dir='ltr'>caum</span> 
     </span>
     <span class='ocr_line' id='line_1_22' title="bbox 73 2483 1175 2573; baseline 0.005 -26"><span class='ocrx_word' id='word_1_156' title='bbox 73 2483 239 2561; x_wconf 71' lang='lat' dir='ltr'>munitior,</span> <span class='ocrx_word' id='word_1_157' title='bbox 276 2487 328 2550; x_wconf 85' lang='lat' dir='ltr'>sed</span> <span class='ocrx_word' id='word_1_158' title='bbox 362 2484 592 2571; x_wconf 76' lang='lat' dir='ltr'>ponderantibus</span> <span class='ocrx_word' id='word_1_159' title='bbox 620 2486 765 2550; x_wconf 89' lang='lat' dir='ltr'>nonnulla</span> <span class='ocrx_word' id='word_1_160' title='bbox 799 2487 874 2550; x_wconf 90' lang='lat' dir='ltr'>adeo</span> <span class='ocrx_word' id='word_1_161' title='bbox 901 2487 981 2551; x_wconf 82' lang='lat' dir='ltr'>levia</span> <span class='ocrx_word' id='word_1_162' title='bbox 1021 2499 1175 2573; x_wconf 79' lang='lat' dir='ltr'>apparent,</span> 
     </span>
     <span class='ocr_line' id='line_1_23' title="bbox 73 2587 1175 2676; baseline 0.005 -26"><span class='ocrx_word' id='word_1_163' title='bbox 73 2596 107 2650; x_wconf 87' lang='lat' dir='ltr'>ut</span> <span class='ocrx_word' id='word_1_164' title='bbox 128 2587 232 2671; x_wconf 81' lang='lat' dir='ltr'>generi</span> <span class='ocrx_word' id='word_1_165' title='bbox 254 2588 396 2652; x_wconf 88' lang='lat' dir='ltr'>universo</span> <span class='ocrx_word' id='word_1_166' title='bbox 419 2589 561 2676; x_wconf 83' lang='lat' dir='ltr'>quaedum</span> <span class='ocrx_word' id='word_1_167' title='bbox 588 2588 768 2673; x_wconf 76' lang='lat' dir='ltr'>suspicionis</span> <span class='ocrx_word' id='word_1_168' title='bbox 797 2609 870 2654; x_wconf 84' lang='lat' dir='ltr'>aura</span> <span class='ocrx_word' id='word_1_169' title='bbox 890 2591 1020 2658; x_wconf 83' lang='lat' dir='ltr'>affletur.</span> <span class='ocrx_word' id='word_1_170' title='bbox 1065 2591 1175 2655; x_wconf 77' lang='lat' dir='ltr'>Excur-</span> 
     </span>
     <span class='ocr_line' id='line_1_24' title="bbox 72 2686 1176 2784; baseline 0.006 -31"><span class='ocrx_word' id='word_1_171' title='bbox 72 2690 113 2775; x_wconf 91' lang='lat' dir='ltr'>pli</span> <span class='ocrx_word' id='word_1_172' title='bbox 136 2711 225 2753; x_wconf 86' lang='lat' dir='ltr'>cansa</span> <span class='ocrx_word' id='word_1_173' title='bbox 247 2686 332 2779; x_wconf 82' lang='grc' dir='ltr'><em>οἷρχή</em></span> <span class='ocrx_word' id='word_1_174' title='bbox 360 2689 472 2774; x_wconf 83' lang='lat' dir='ltr'>legitur</span> <span class='ocrx_word' id='word_1_175' title='bbox 492 2690 628 2754; x_wconf 81' lang='lat' dir='ltr'>omuibus</span> <span class='ocrx_word' id='word_1_176' title='bbox 659 2690 792 2775; x_wconf 84' lang='lat' dir='ltr'>paginis,</span> <span class='ocrx_word' id='word_1_177' title='bbox 822 2713 877 2776; x_wconf 89' lang='lat' dir='ltr'>pro</span> <span class='ocrx_word' id='word_1_178' title='bbox 909 2714 967 2780; x_wconf 91' lang='lat' dir='ltr'>quo</span> <span class='ocrx_word' id='word_1_179' title='bbox 997 2693 1025 2758; x_wconf 92' lang='lat' dir='ltr'>si</span> <span class='ocrx_word' id='word_1_180' title='bbox 1047 2687 1176 2784; x_wconf 65' lang='grc' dir='ltr'>ιοἷργαλα</span> 
     </span>
     <span class='ocr_line' id='line_1_25' title="bbox 72 2791 1175 2880; baseline 0.005 -26"><span class='ocrx_word' id='word_1_181' title='bbox 72 2791 172 2856; x_wconf 83' lang='lat' dir='ltr'>dicere</span> <span class='ocrx_word' id='word_1_182' title='bbox 194 2791 342 2866; x_wconf 83' lang='lat' dir='ltr'>licuisset,</span> <span class='ocrx_word' id='word_1_183' title='bbox 365 2791 430 2855; x_wconf 89' lang='lat' dir='ltr'>sine</span> <span class='ocrx_word' id='word_1_184' title='bbox 452 2793 540 2856; x_wconf 90' lang='lat' dir='ltr'>dubio</span> <span class='ocrx_word' id='word_1_185' title='bbox 562 2814 654 2856; x_wconf 88' lang='lat' dir='ltr'>unum</span> <span class='ocrx_word' id='word_1_186' title='bbox 676 2792 843 2857; x_wconf 85' lang='lat' dir='ltr'>alterumve</span> <span class='ocrx_word' id='word_1_187' title='bbox 866 2794 954 2880; x_wconf 88' lang='lat' dir='ltr'>hujus</span> <span class='ocrx_word' id='word_1_188' title='bbox 971 2796 1175 2880; x_wconf 86' lang='lat' dir='ltr'>productionis</span> 
     </span>
     <span class='ocr_line' id='line_1_26' title="bbox 70 2893 1174 2980; baseline 0.005 -22"><span class='ocrx_word' id='word_1_189' title='bbox 70 2894 256 2980; x_wconf 84' lang='lat' dir='ltr'>reperiretur</span> <span class='ocrx_word' id='word_1_190' title='bbox 275 2894 308 2958; x_wconf 93' lang='lat' dir='ltr'>iu</span> <span class='ocrx_word' id='word_1_191' title='bbox 329 2903 375 2957; x_wconf 89' lang='lat' dir='ltr'>tot</span> <span class='ocrx_word' id='word_1_192' title='bbox 395 2893 479 2958; x_wconf 88' lang='lat' dir='ltr'>libris</span> <span class='ocrx_word' id='word_1_193' title='bbox 502 2894 673 2978; x_wconf 83' lang='lat' dir='ltr'>vestigium,</span> <span class='ocrx_word' id='word_1_194' title='bbox 697 2895 750 2959; x_wconf 90' lang='lat' dir='ltr'>sed</span> <span class='ocrx_word' id='word_1_195' title='bbox 772 2906 858 2959; x_wconf 83' lang='lat' dir='ltr'>extat</span> <span class='ocrx_word' id='word_1_196' title='bbox 878 2896 994 2962; x_wconf 86' lang='lat' dir='ltr'>nullum</span> <span class='ocrx_word' id='word_1_197' title='bbox 1013 2921 1174 2963; x_wconf 85' lang='lat' dir='ltr'>summum·</span> 
     </span>
     <span class='ocr_line' id='line_1_27' title="bbox 71 2993 1175 3088; baseline 0.007 -27"><span class='ocrx_word' id='word_1_198' title='bbox 71 3019 128 3082; x_wconf 91' lang='lat' dir='ltr'>quc</span> <span class='ocrx_word' id='word_1_199' title='bbox 143 2998 307 3083; x_wconf 88' lang='lat' dir='ltr'>periculum</span> <span class='ocrx_word' id='word_1_200' title='bbox 329 3008 388 3074; x_wconf 85' lang='lat' dir='ltr'>est,</span> <span class='ocrx_word' id='word_1_201' title='bbox 412 3018 461 3062; x_wconf 89' lang='lat' dir='ltr'>ne.</span> <span class='ocrx_word' id='word_1_202' title='bbox 472 2996 528 3060; x_wconf 87' lang='lat' dir='ltr'>hoe</span> <span class='ocrx_word' id='word_1_203' title='bbox 550 2993 644 3060; x_wconf 80' lang='lat' dir='ltr'>toturn</span> <span class='ocrx_word' id='word_1_204' title='bbox 661 2999 774 3062; x_wconf 83' lang='lat' dir='ltr'>nitatur</span> <span class='ocrx_word' id='word_1_205' title='bbox 795 2997 870 3062; x_wconf 80' lang='lat' dir='ltr'>falsa</span> <span class='ocrx_word' id='word_1_206' title='bbox 885 2998 1007 3065; x_wconf 88' lang='lat' dir='ltr'>Pindari</span> <span class='ocrx_word' id='word_1_207' title='bbox 1026 3002 1175 3088; x_wconf 85' lang='lat' dir='ltr'>iuterpre-</span> 
     </span>
     <span class='ocr_line' id='line_1_28' title="bbox 69 3095 1174 3192; baseline 0.008 -29"><span class='ocrx_word' id='word_1_208' title='bbox 69 3098 184 3163; x_wconf 85' lang='lat' dir='ltr'>tatione</span> <span class='ocrx_word' id='word_1_209' title='bbox 215 3100 303 3186; x_wconf 82' lang='lat' dir='ltr'>Pyth.</span> <span class='ocrx_word' id='word_1_210' title='bbox 327 3099 380 3164; x_wconf 88' lang='lat' dir='ltr'>IV.</span> <span class='ocrx_word' id='word_1_211' title='bbox 406 3097 479 3165; x_wconf 83' lang='lat'><strong>197.</strong></span> <span class='ocrx_word' id='word_1_212' title='bbox 514 3095 637 3186; x_wconf 78' lang='grc' dir='ltr'><em>ἱκόμαν</em></span> <span class='ocrx_word' id='word_1_213' title='bbox 677 3097 822 3190; x_wconf 81' lang='grc' dir='ltr'><em>α’ρχαίαν</em></span> <span class='ocrx_word' id='word_1_214' title='bbox 860 3100 1011 3188; x_wconf 82' lang='grc' dir='ltr'><em>νομίζων</em></span> <span class='ocrx_word' id='word_1_215' title='bbox 1046 3104 1174 3192; x_wconf 72' lang='grc' dir='ltr'><em>πατρὸς</em></span> 
     </span>
     <span class='ocr_line' id='line_1_29' title="bbox 70 3196 1171 3290; baseline 0.005 -24"><span class='ocrx_word' id='word_1_216' title='bbox 70 3199 169 3287; x_wconf 75' lang='grc' dir='ltr'><em>ἐμοῦ,</em></span> <span class='ocrx_word' id='word_1_217' title='bbox 191 3201 252 3269; x_wconf 78' lang='lat' dir='ltr'>adr</span> <span class='ocrx_word' id='word_1_218' title='bbox 274 3201 364 3278; x_wconf 74' lang='grc' dir='ltr'>Ζεύς</span> <span class='ocrx_word' id='word_1_219' title='bbox 391 3196 527 3270; x_wconf 71' lang='grc' dir='ltr'><em>ὤπασεν</em></span> <span class='ocrx_word' id='word_1_220' title='bbox 545 3197 682 3290; x_wconf 80' lang='grc' dir='ltr'><em>Αἰόλῳ,</em></span> <span class='ocrx_word' id='word_1_221' title='bbox 704 3201 822 3289; x_wconf 75' lang='grc' dir='ltr'><em>τιμάν·</em></span> <span class='ocrx_word' id='word_1_222' title='bbox 854 3225 979 3288; x_wconf 85' lang='lat' dir='ltr'>quorum</span> <span class='ocrx_word' id='word_1_223' title='bbox 1013 3211 1171 3275; x_wconf 82' lang='lat' dir='ltr'>verborum</span> 
     </span>
     <span class='ocr_line' id='line_1_30' title="bbox 69 3303 1170 3392; baseline 0.007 -24"><span class='ocrx_word' id='word_1_224' title='bbox 69 3303 206 3368; x_wconf 73' lang='lat' dir='ltr'>uldmum</span> <span class='ocrx_word' id='word_1_225' title='bbox 235 3305 416 3371; x_wconf 81' lang='lat' dir='ltr'>scholiastes</span> <span class='ocrx_word' id='word_1_226' title='bbox 446 3306 640 3390; x_wconf 88' lang='lat' dir='ltr'>appositionis</span> <span class='ocrx_word' id='word_1_227' title='bbox 680 3308 767 3370; x_wconf 90' lang='lat' dir='ltr'>modo</span> <span class='ocrx_word' id='word_1_228' title='bbox 799 3307 945 3392; x_wconf 83' lang='lat' dir='ltr'>adjectum</span> <span class='ocrx_word' id='word_1_229' title='bbox 978 3311 1170 3387; x_wconf 83' lang='lat' dir='ltr'>existimaus,</span> 
     </span>
     <span class='ocr_line' id='line_1_31' title="bbox 68 3400 1172 3502; baseline 0.005 -28"><span class='ocrx_word' id='word_1_230' title='bbox 68 3401 296 3495; x_wconf 68' lang='grc' dir='ltr'><em>παραγώγως,</em></span> <span class='ocrx_word' id='word_1_231' title='bbox 326 3407 441 3492; x_wconf 87' lang='lat' dir='ltr'>inquit,</span> <span class='ocrx_word' id='word_1_232' title='bbox 471 3400 608 3497; x_wconf 67' lang='grc' dir='ltr'><em>ἐξήγαγε</em></span> <span class='ocrx_word' id='word_1_233' title='bbox 636 3407 699 3495; x_wconf 74' lang='grc' dir='ltr'>τήν</span> <span class='ocrx_word' id='word_1_234' title='bbox 722 3403 848 3499; x_wconf 77' lang='grc' dir='ltr'><em>α’ρχήν,</em></span> <span class='ocrx_word' id='word_1_235' title='bbox 872 3405 916 3485; x_wconf 72' lang='lat' dir='ltr'>cir</span> <span class='ocrx_word' id='word_1_236' title='bbox 931 3408 1084 3500; x_wconf 78' lang='grc' dir='ltr'><em>’Όμηρος</em></span> <span class='ocrx_word' id='word_1_237' title='bbox 1109 3412 1172 3502; x_wconf 67' lang='grc' dir='ltr'>τὴν</span> 
     </span>
     <span class='ocr_line' id='line_1_32' title="bbox 68 3501 1171 3602; baseline 0.005 -25"><span class='ocrx_word' id='word_1_238' title='bbox 68 3501 222 3597; x_wconf 72' lang='grc' dir='ltr'><em>ανάγκην</em></span> <span class='ocrx_word' id='word_1_239' title='bbox 235 3503 436 3599; x_wconf 78' lang='grc' dir='ltr'><em>α’ναγκαίην.</em></span> <span class='ocrx_word' id='word_1_240' title='bbox 465 3511 522 3575; x_wconf 89' lang='lat' dir='ltr'>Sed</span> <span class='ocrx_word' id='word_1_241' title='bbox 536 3512 647 3577; x_wconf 88' lang='lat' dir='ltr'>rectius</span> <span class='ocrx_word' id='word_1_242' title='bbox 663 3512 798 3598; x_wconf 88' lang='lat' dir='ltr'>Heynius</span> <span class='ocrx_word' id='word_1_243' title='bbox 814 3508 960 3602; x_wconf 77' lang='grc' dir='ltr'><em>οἷρχαίαν</em></span> <span class='ocrx_word' id='word_1_244' title='bbox 976 3509 1088 3601; x_wconf 78' lang='grc' dir='ltr'><em>νεμεῖν</em></span> <span class='ocrx_word' id='word_1_245' title='bbox 1101 3538 1171 3582; x_wconf 88' lang='lat' dir='ltr'>con-</span> 
     </span>
     <span class='ocr_line' id='line_1_33' title="bbox 62 3612 1170 3699; baseline 0.007 -23"><span class='ocrx_word' id='word_1_246' title='bbox 62 3612 178 3698; x_wconf 83' lang='lat' dir='ltr'>jungit,</span> <span class='ocrx_word' id='word_1_247' title='bbox 205 3631 301 3695; x_wconf 83' lang='lat' dir='ltr'>neque</span> <span class='ocrx_word' id='word_1_248' title='bbox 317 3615 411 3678; x_wconf 83' lang='lat' dir='ltr'>&#39;aliter</span> <span class='ocrx_word' id='word_1_249' title='bbox 432 3613 599 3679; x_wconf 85' lang='lat' dir='ltr'>Boeckhius</span> <span class='ocrx_word' id='word_1_250' title='bbox 621 3615 725 3690; x_wconf 90' lang='lat' dir='ltr'>sentit,</span> <span class='ocrx_word' id='word_1_251' title='bbox 749 3615 798 3699; x_wconf 90' lang='lat' dir='ltr'>qui</span> <span class='ocrx_word' id='word_1_252' title='bbox 821 3617 897 3699; x_wconf 85' lang='lat' dir='ltr'>quod</span> <span class='ocrx_word' id='word_1_253' title='bbox 917 3619 954 3681; x_wconf 91' lang='lat' dir='ltr'>ad</span> <span class='ocrx_word' id='word_1_254' title='bbox 971 3617 1170 3683; x_wconf 81' lang='lat' dir='ltr'>refellendum</span> 
     </span>
     <span class='ocr_line' id='line_1_34' title="bbox 68 3714 1170 3808; baseline 0.011 -30"><span class='ocrx_word' id='word_1_255' title='bbox 68 3714 256 3781; x_wconf 80' lang='lat' dir='ltr'>Scholiasten</span> <span class='ocrx_word' id='word_1_256' title='bbox 276 3714 376 3791; x_wconf 88' lang='lat' dir='ltr'>addit,</span> <span class='ocrx_word' id='word_1_257' title='bbox 405 3737 424 3780; x_wconf 87' lang='lat' dir='ltr'>a</span> <span class='ocrx_word' id='word_1_258' title='bbox 451 3714 526 3802; x_wconf 79' lang='grc' dir='ltr'>δίνη</span> <span class='ocrx_word' id='word_1_259' title='bbox 553 3716 672 3800; x_wconf 87' lang='lat' dir='ltr'>quidem</span> <span class='ocrx_word' id='word_1_260' title='bbox 693 3715 820 3792; x_wconf 70' lang='lat' dir='ltr'>dicotur</span> <span class='ocrx_word' id='word_1_261' title='bbox 844 3719 912 3784; x_wconf 90' lang='lat' dir='ltr'>duci</span> <span class='ocrx_word' id='word_1_262' title='bbox 942 3731 973 3784; x_wconf 91' lang='lat' dir='ltr'>et</span> <span class='ocrx_word' id='word_1_263' title='bbox 1002 3742 1021 3784; x_wconf 82' lang='lat' dir='ltr'>a</span> <span class='ocrx_word' id='word_1_264' title='bbox 1046 3718 1170 3808; x_wconf 71' lang='grc' dir='ltr'><em>σελήνη</em></span> 
     </span>
     <span class='ocr_line' id='line_1_35' title="bbox 67 3813 1169 3910; baseline 0.007 -27"><span class='ocrx_word' id='word_1_265' title='bbox 67 3819 262 3905; x_wconf 80' lang='grc' dir='ltr'><em>οεληναῑος,</em></span> <span class='ocrx_word' id='word_1_266' title='bbox 286 3817 339 3882; x_wconf 84' lang='lat' dir='ltr'>sed</span> <span class='ocrx_word' id='word_1_267' title='bbox 359 3819 395 3881; x_wconf 88' lang='lat' dir='ltr'>ab</span> <span class='ocrx_word' id='word_1_268' title='bbox 416 3813 515 3909; x_wconf 79' lang='grc' dir='ltr'><em>α’ρχή,</em></span> <span class='ocrx_word' id='word_1_269' title='bbox 537 3820 614 3904; x_wconf 85' lang='lat' dir='ltr'>quod</span> <span class='ocrx_word' id='word_1_270' title='bbox 636 3819 831 3906; x_wconf 86' lang='lat' dir='ltr'>principatum</span> <span class='ocrx_word' id='word_1_271' title='bbox 862 3822 1031 3908; x_wconf 79' lang='lat' dir='ltr'>significat,</span> <span class='ocrx_word' id='word_1_272' title='bbox 1064 3845 1169 3910; x_wconf 76' lang='lat' dir='ltr'>propa·</span> 
     </span>
    </p>
   </div>
   <div class='ocr_carea' id='block_1_5' title="bbox 138 4054 1118 4159">
    <p class='ocr_par' dir='ltr' id='par_1_5' title="bbox 138 4054 1118 4159">
     <span class='ocr_line' id='line_1_36' title="bbox 138 4054 1118 4159; baseline 0.008 -50"><span class='ocrx_word' id='word_1_273' title='bbox 138 4055 215 4159; x_wconf 47' lang='lat' dir='ltr'>t)·V.</span> <span class='ocrx_word' id='word_1_274' title='bbox 234 4056 341 4109; x_wconf 77' lang='lat' dir='ltr'>Fischer</span> <span class='ocrx_word' id='word_1_275' title='bbox 357 4057 390 4110; x_wconf 80' lang='lat' dir='ltr'>ad</span> <span class='ocrx_word' id='word_1_276' title='bbox 408 4054 477 4110; x_wconf 82' lang='lat' dir='ltr'>Vell.</span> <span class='ocrx_word' id='word_1_277' title='bbox 496 4056 529 4114; x_wconf 82' lang='lat' dir='ltr'>T.</span> <span class='ocrx_word' id='word_1_278' title='bbox 547 4057 568 4109; x_wconf 85' lang='lat' dir='ltr'>d.</span> <span class='ocrx_word' id='word_1_279' title='bbox 587 4073 612 4125; x_wconf 84' lang='lat' dir='ltr'>p.</span> <span class='ocrx_word' id='word_1_280' title='bbox 633 4058 692 4114; x_wconf 86' lang='lat' dir='ltr'>tua.</span> <span class='ocrx_word' id='word_1_281' title='bbox 711 4059 843 4113; x_wconf 77' lang='lat' dir='ltr'>Soiaeiar.</span> <span class='ocrx_word' id='word_1_282' title='bbox 862 4061 896 4115; x_wconf 81' lang='lat' dir='ltr'>ad</span> <span class='ocrx_word' id='word_1_283' title='bbox 913 4060 993 4129; x_wconf 67' lang='grc' dir='ltr'>(ἶνες.</span> <span class='ocrx_word' id='word_1_284' title='bbox 1013 4080 1038 4132; x_wconf 89' lang='lat' dir='ltr'>p.</span> <span class='ocrx_word' id='word_1_285' title='bbox 1058 4064 1118 4120; x_wconf 74' lang='lat' dir='ltr'>eat.</span> 
     </span>
    </p>
   </div>
   <div class='ocr_carea' id='block_1_6' title="bbox 0 0 1258 4492">
    <p class='ocr_par' dir='ltr' id='par_1_6' title="bbox 0 0 1258 4492">
     <span class='ocr_line' id='line_1_37' title="bbox 0 0 1258 4492; baseline 0 5"><span class='ocrx_word' id='word_1_286' title='bbox 0 0 1258 4492; x_wconf 95' lang='lat' dir='ltr'> </span> 
     </span>
    </p>
   </div>
  </div>
 </body>
</html>
