2506 4492
98 101 136 160 Vl

98 268 202 372 ydtot
225 265 332 351 arduos
353 269 427 352 scir
449 273 539 352 νέων
558 273 640 349 εἰσί.
693 269 854 370 Denique
867 268 958 342 hanc
971 296 1084 343 meam
1098 271 1197 344 lesti-

98 444 277 516 nationem
302 465 345 516 eo
370 438 508 512 facilius
529 438 616 512 mihi
642 439 820 536 condono,
855 438 950 540 quod
965 437 1040 537 jam
1066 438 1198 511 dudum

97 615 136 683 in
161 610 252 683 hanc
278 608 449 684 deductus
475 636 552 684 sum
577 610 784 683 sententiam
811 618 852 681 ut
877 634 999 681 omnes
1032 609 1119 682 mihi
1144 610 1197 682 fe·

99 783 249 856 stinasse
279 778 485 872 videantur,
524 804 674 881 quorum
707 779 766 851 alii
798 778 880 852 libri
911 787 1031 853 extant
1060 789 1200 882 praeter

98 961 294 1048 postumus.

198 1119 504 1213 Dissertationum,
532 1141 623 1218 quae
647 1126 796 1219 utroque
818 1117 994 1192 volumine
1017 1118 1198 1189 continen-

100 1299 171 1383 tur,
198 1288 321 1361 ultima
346 1297 400 1362 est
424 1287 635 1388 syntactica3
667 1298 823 1362 caeterae
847 1296 1030 1361 versantur
1062 1288 1100 1357 in
1126 1287 1200 1357 for·

99 1459 254 1532 matione
276 1455 541 1531 vocabulorum.
595 1456 900 1553 Quemadmodum
932 1465 1048 1527 autem
1071 1454 1201 1552 Epicu-

100 1653 162 1700 rus
185 1637 322 1702 atomos
346 1628 464 1730 fingit,
492 1654 601 1729 quum
623 1652 687 1724 per
711 1627 814 1698 inane
829 1590 1127 1719 feruntur,recto
1146 1649 1201 1697 re·

99 1796 202 1895 qione
225 1797 300 1867 viat
323 1794 498 1868 declinare
522 1781 677 1891 paullum
702 1795 1015 1875 utvurdentmotuc
1035 1818 1103 1890 per
1117 1819 1204 1893 quos

102 1973 232 2038 namra
250 1973 358 2064 qcuat
377 1986 446 2055 rec,
473 1963 523 2037 iu
546 1961 687 2063 linguas
712 1965 814 2065 quasi
839 1963 968 2062 duplex
992 1973 1109 2036 motus
1131 1974 1201 2075 est,

99 2112 191 2205 unus
215 2142 348 2227 rectus,
376 2156 481 2232 qnam
500 2129 698 2232 analogiam
712 2157 892 2229 vocamus,
921 2132 1008 2211 alter
1020 2130 1201 2232 obliquus,

100 2327 173 2402 quo
198 2301 371 2376 anomalia
396 2301 558 2380 efficitur.
601 2300 702 2377 Illius
718 2302 854 2375 initium
867 2328 888 2378 a
903 2311 1027 2374 natura
1043 2301 1201 2397 ductum,

65 2530 71 2542 .
97 2468 203 2570 hujus
234 2496 360 2542 causae
390 2470 521 2546 multae
554 2474 738 2570 variaeque
770 2483 831 2547 aut
858 2471 1067 2548 manifestae
1098 2471 1206 2546 nobis

99 2647 159 2711 aut
183 2635 361 2732 occultae,
397 2635 460 2710 sed
475 2592 478 2600 ¹
493 2640 735 2735 potentissima
760 2640 836 2710 sine
862 2640 969 2713 dubio
1004 2641 1206 2714 observatio

41 2798 43 2803 ¹
100 2804 309 2907 euphoniae,
364 2803 474 2906 Cujus
499 2815 629 2907 quanta
661 2808 785 2880 sitris
815 2809 854 2879 iu
886 2808 984 2879 omni
1013 2806 1205 2881 verborum

100 2976 381 3072 conformatione
414 2976 542 3074 partim
573 2974 774 3075 conjectura
806 3002 1039 3076 auguramur,
1074 2981 1205 3075 partim

100 3148 205 3220 certis
235 3144 376 3222 indiciis
406 3146 587 3246 cognitum
620 3112 807 3243 hahemus,
849 3172 1001 3247 quorum
1033 3145 1206 3220 nonnulla

99 3315 308 3415 protulimus
338 3317 378 3390 iu
408 3313 534 3390 harum
559 3319 889 3392 commentationum
914 3317 1048 3415 prima,
1082 3315 1120 3392 id
1146 3342 1205 3389 ca·

99 3494 165 3586 put
188 3493 233 3559 et·
247 3485 457 3585 principium
483 3486 592 3565 totius
623 3512 746 3563 causae
778 3511 857 3560 esse
881 3486 962 3562 rati.
1022 3485 1117 3558 Huic
1142 3489 1206 3558 uni

101 3656 297 3756 quaestioni
328 3656 360 3727 si
394 3656 474 3757 quis
504 3658 597 3731 vitae
628 3659 783 3773 spatium
808 3655 1047 3754 impenderit,
1077 3682 1206 3754 parum

100 3825 185 3922 erit,
213 3824 302 3899 adeo
325 3822 507 3900 recondita
521 3836 576 3901 est
596 3825 658 3900 illo
672 3825 867 3900 vocalitatis
880 3827 986 3920 ratio,
1004 3776 1100 3899 'adeo
1113 3824 1204 3898 mul·

17 4064 35 4095 ,
100 3993 353 4093 dulci-meatu
378 4007 414 4072 et
437 3993 585 4097 ambage
609 3997 811 4073 universum
838 4005 1049 4099 pervagatur
1070 4021 1202 4073 sermo·
