2506 4492
29 154 35 171 '
68 170 169 287 slot
334 142 337 153 ’
460 182 779 250 orssaararto
804 182 851 250 tt.

97 368 134 433 tle
156 367 269 435 intera.
292 364 392 429 affert.
420 385 450 449 p.
475 362 549 430 525.
579 367 616 431 αἱ
636 374 753 451 πκϊγες
776 363 924 427 Aretaens
949 363 984 427 tle
1007 361 1091 448 Sign.
1118 363 1200 429 llint.

98 465 302 543 Π.13,183.
326 467 463 531 Dioscor.
482 466 505 530 I.
524 464 579 542 39,
599 465 653 530 66.
678 465 785 530 Galen.
810 466 846 528 tle
867 465 969 529 Antid.
990 465 1028 529 II.
1050 463 1105 543 13,
1127 452 1201 531 llll.

96 573 133 638 Τ.
147 569 231 634 XIV.
250 578 309 633 etc.
333 571 384 634 sed
404 569 496 632 multo
518 569 615 632 rarius
636 579 683 632 est
703 565 725 654 ἦ
747 561 851 656 πκιγή
879 567 962 630 Philo
986 567 1068 648 Quod
1096 569 1200 632 mund.

96 674 211 747 incorr.
230 694 259 756 p.
277 669 351 736 961.
367 672 404 735 Ε.
428 667 584 761 ὕστερικῇ
605 670 710 761 πνιγῇ
731 669 813 734 Paul.
830 670 939 754 Aegio.
959 669 1010 732 111.
1030 668 1083 734 70.
1123 671 1202 735 llaec
1240 684 1243 705 ¹

96 786 196 839 autem
223 775 321 838 omnia
346 774 467 859 generis
489 772 623 836 feminini
650 758 723 838 sunt
746 782 867 857 praeter
889 774 933 852 ίξ,
964 773 1040 857 quod
1063 772 1202 837 masculi·

96 899 167 943 num
197 898 263 940 esse
290 898 351 940 non
379 876 475 940 solum
504 874 695 959 cognoscitur
723 896 763 939 cx
784 875 935 939 Alcmanis
964 895 1057 938 versu
1080 875 1200 960 Fragm.

97 979 237 1045 CXXIV.
261 977 416 1046 ποικίλον
433 977 490 1045 tuo
505 974 567 1044 κὸκ
588 973 781 1064 ὀφθαλμῶν
803 971 955 1062 ὀλετῆρα,
977 977 1029 1040 scd
1049 976 1143 1040 ctiam
1163 997 1202 1040 ex

95 1102 208 1168 genere
230 1081 363 1144 affinium
382 1081 615 1145 vermiculorum
638 1081 692 1167 tp,
714 1076 817 1166 θρίφ,
839 1077 901 1159 uic,
925 1070 996 1165 op'c,
1015 1069 1105 1167 ψήκ,
1129 1100 1201 1164 qnae

96 1205 185 1270 quum
206 1184 349 1246 universa
376 1203 471 1267 genus
493 1182 623 1246 nominis
646 1173 770 1267 σκώληξ
791 1193 972 1265 sequantur,
1004 1202 1066 1245 non
1088 1182 1201 1246 dubita·

94 1307 161 1349 mus
189 1285 266 1348 idem
294 1284 428 1348 tribuere
453 1285 606 1348 vocabulis
634 1279 692 1370 δήξ
721 1294 752 1347 et
777 1276 877 1368 cpoli,
911 1304 986 1368 qnae
1007 1284 1140 1371 Taetzes
1166 1283 1201 1347 ad

94 1387 166 1452 Hcs.
185 1387 258 1472 Opp.
278 1385 354 1451 418.
378 1387 439 1451 illis
460 1387 605 1473 adjungit.
641 1386 805 1450 Commune
828 1396 876 1450 est
897 1385 969 1473 φίξ,
992 1389 1078 1472 cujus
1100 1395 1200 1450 rectus

94 1510 181 1554 casus
204 1489 316 1573 legitur
337 1510 383 1573 ap.
405 1488 497 1553 Alex.
515 1489 647 1573 Aphrod.
665 1488 764 1552 Probl.
783 1488 807 1552 l.
826 1487 879 1554 40.
905 1500 936 1553 et
956 1489 988 1552 in
1011 1488 1113 1553 Gloss.
1140 1487 1199 1564 Ψίξ

92 1593 184 1656 mica.
218 1591 340 1655 Photius
356 1600 387 1655 et
404 1591 508 1655 Suidas
528 1588 629 1680 Ψίχεσ
650 1586 846 1678 ἀρσενικῶς·
870 1588 938 1658 ott
956 1584 1125 1678 Θεολόγσα
1143 1591 1201 1677 gul}

92 1692 379 1780 παραδραμσὺσα,
402 1695 478 1779 quod
500 1694 550 1758 nbi
572 1694 690 1777 legatur
710 1715 814 1777 parum
835 1693 970 1769 memini,
994 1694 1046 1758 sed
1069 1690 1127 1768 tto
1145 1690 1199 1778 ψί-

94 1821 155 1888 χας
176 1792 354 1886 σίλλστρίας
375 1795 496 1879 scripsit
515 1796 547 1859 in
571 1795 671 1858 Carm.
692 1794 800 1858 XLIII.
826 1816 855 1878 p.
877 1794 950 1859 111.
974 1796 1012 1859 D.
1037 1797 1197 1881 colemque

92 1901 179 1964 modo
201 1904 238 1966 cl
258 1897 356 1987 piper
376 1897 523 1961 Aretacns
547 1896 620 1958 Gur.
639 1895 728 1960 Aout.
749 1895 787 1960 II.
812 1896 864 1975 10,
884 1895 960 1964 296.
984 1898 1140 1963 Plutarch.
1164 1900 1197 1964 Io

92 2002 223 2066 Profect.
243 2000 322 2062 Virt.
346 2020 376 2082 p.
399 1996 474 2064 248.
498 1998 534 2061 Τ.
559 1997 624 2061 Vll.
647 1998 739 2063 Alex.
757 1999 849 2063 Trall.
874 1999 899 2065 I.
925 1999 984 2077 14,
1008 1998 1063 2064 stt.
1088 2000 1142 2065 VI.
1166 2000 1195 2076 1,

90 2101 167 2169 272.
192 2099 329 2164 Eustath.
347 2099 443 2183 Epist.
460 2099 497 2163 V.
518 2098 593 2175 312,
616 2098 669 2164 42.
694 2100 793 2164 Anon.
812 2101 975 2189 Progymn.
1000 2106 1032 2188 p.'
1046 2099 1124 2179 646,
1146 2100 1195 2166 16.

91 2205 124 2269 in
147 2203 233 2266 llhet.
254 2200 361 2265 Graec.
386 2200 421 2262 T.
441 2199 465 2264 I.
488 2201 602 2264 Anecd.
622 2201 717 2265 Bella.
740 2202 816 2280 461,
840 2204 893 2270 25.
918 2203 1049 2290 Hesych.
1074 2226 1102 2268 s.
1122 2199 1197 2273 Ἀτ·

90 2303 247 2395 σάραχσι,
275 2304 379 2387 quibus
401 2303 475 2367 locis
498 2304 718 2389 paroxytooum
742 2317 788 2370 est
810 2317 896 2370 utet
918 2306 1025 2370 Galen.
1050 2308 1086 2371 tle
1109 2294 1196 2371 Prae·

90 2420 154 2474 not.
178 2409 215 2474 atl
236 2407 324 2491 Epig.
349 2429 377 2471 c.
402 2404 461 2482 10,
484 2403 559 2471 652.
583 2406 619 2469 Τ.
643 2407 726 2471 XIV.
750 2409 835 2471 Paul.
858 2408 935 2493 Aeg.
959 2408 1010 2472 IV.
1035 2409 1096 2485 21,
1122 2408 1193 2473 141.

90 2523 122 2577 et
143 2509 338 2587 femininum,
362 2510 414 2575 sctl
433 2505 517 2602 ¹‘ecclc
537 2507 642 2600 ψίχας
663 2509 860 2598 ἑφηθέκαας
881 2510 973 2575 Alex.
997 2511 1090 2575 Trall.
1114 2511 1192 2579 Vttt.

90 2614 127 2690 1,
157 2612 232 2678 391.
266 2622 297 2676 et
323 2614 464 2696 producta
493 2612 592 2697 priore
623 2611 750 2696 Gregor.
782 2613 880 2677 Cerm.
911 2612 960 2676 LI.
989 2634 1020 2698 p.
1051 2611 1125 2677 132.
1158 2613 1192 2676 C.

89 2716 202 2780 Verum
224 2713 312 2797 hujus
335 2724 439 2796 poetae
460 2713 624 2776 auctoritas
647 2714 747 2790 nulla,
772 2724 942 2791 erectore,
967 2735 1041 2799 quae
1064 2735 1119 2798 pcr
1140 2699 1196 2804 {po}

89 2815 287 2888 declinantur,
311 2814 372 2875 iota
393 2815 485 2876 breve
508 2813 629 2888 habent,
656 2814 777 2897 longum
799 2836 873 2879 vero
896 2837 970 2900 quac
992 2803 1090 2904 per-y*
1112 2828 1144 2881 ct
1162 2804 1194 2895 κ,

88 2927 215 3003 excepto
238 2913 391 3002 gentilicio
409 2911 542 3001 Βρίγες,
565 2915 591 2978 si
614 2914 731 2999 quidem
753 2936 770 2978 a
790 2916 925 2982 Dracone
947 2928 1080 2998 stamus3
1107 2922 1194 3005 Bpo-

86 3018 142 3110 γσί
169 3032 269 3084 tamen
299 3026 329 3083 ct
356 3018 505 3104 Βραγηΐς
533 3017 666 3081 vocalem
698 3017 814 3102 longam
847 3021 967 3084 habent.
1020 3018 1118 3084 Unum
1149 3031 1193 3088 est

88 3123 164 3206 quod
186 3141 348 3185 consonam
370 3119 479 3195 variat,
503 3117 568 3204 φίξ,
589 3140 701 3185 nomen
722 3122 872 3185 boeotium
895 3133 929 3185 ut
948 3122 1131 3188 Scholiasta
1152 3124 1192 3188 ait

87 3224 124 3288 atl
140 3221 260 3286 Hesiod.
278 3223 334 3287 Th.
351 3220 425 3287 326.
450 3221 582 3285 doricum
603 3232 637 3286 ut
654 3222 760 3287 Festus
782 3244 807 3286 s.
825 3223 982 3308 sphinges.
1005 3225 1088 3289 Plato
1106 3226 1189 3290 Crat.

86 3349 116 3411 p.
140 3324 215 3388 414.
240 3325 277 3387 D.
301 3320 379 3391 σῖκτί
402 3320 520 3411 σφιγός
541 3321 666 3412 σφίγγα
687 3326 863 3406 καλοῦσιν,
886 3326 935 3389 utri
957 3325 1115 3397 Bellienus
1137 3349 1190 3416 pro

86 3419 204 3514 σφιγός
229 3426 350 3510 scripsit
375 3420 506 3515 φιγγός,
536 3448 589 3512 pro
612 3425 737 3515 σφίγγα
761 3429 825 3491 cod.
851 3425 934 3513 φίκα
956 3428 1099 3506 exhibet;
1133 3430 1191 3494 lle·

85 3529 208 3617 sychius
230 3526 337 3600 Βίκας
359 3527 502 3616 σφίγγας
524 3539 555 3594 ct
576 3526 662 3617 Φίγα
683 3529 783 3617 φίκα,
809 3528 951 3617 σφίγγα,
982 3551 1108 3616 quarum
1131 3533 1191 3596 lor·

85 3654 200 3698 marum
222 3652 276 3705 ca,
303 3651 376 3714 quac
398 3632 541 3716 syllabam
564 3633 755 3717 penultimam
777 3632 924 3717 positione
947 3630 1066 3716 longam
1089 3632 1188 3709 habet,

85 3757 142 3820 quo
164 3743 290 3797 accentu
313 3733 412 3796 notari
433 3735 554 3812 debeat,
584 3735 708 3799 difficilis
730 3745 778 3798 est
799 3735 990 3818 cognitionis.
1032 3735 1190 3820 Theogno-

85 3848 150 3901 stns
172 3836 273 3900 Cram.
296 3835 333 3898 Τ.
351 3833 390 3896 11.
413 3857 442 3919 p.
459 3836 513 3901 41.
538 3848 569 3900 et
588 3835 661 3901 132.
685 3848 805 3921 practer
827 3835 900 3901 haec
921 3837 1009 3902 affert
1030 3835 1122 3924 τρίγξ
1143 3835 1189 3904 εί·

84 3939 142 4014 3ος
163 3935 283 4027 ὁρκίσα
305 3933 387 4024 ὅπερ
409 3940 499 4011 siric
523 3939 580 4005 καί
600 3936 655 4007 διαί
676 3940 739 4007 coci
755 3925 779 4005 2
798 3935 968 4027 γράφουσι
990 3940 1099 4022 celle,
1130 3963 1188 4027 quo

84 4043 187 4117 nescio
214 4042 283 4126 quid
310 4039 473 4126 significari
499 4041 595 4125 possit
622 4042 690 4108 nisi¹
704 4044 807 4118 εσκὶκ,
840 4043 926 4128 cnjus
949 4044 1089 4129 exemplo
1112 4043 1190 4110 Ver
