2506 4492
99 146 194 218 aaa*
300 198 304 205 .
460 142 780 213 urssuararrc
807 141 855 211 11.
922 216 927 225 ,
995 112 1002 121 ’

101 321 186 414 sudu
208 324 394 391 herodianus
415 350 453 393 rr.
469 327 565 393 Μον.
587 347 616 411 p.
635 323 689 390 17.
711 325 745 390 in
766 323 965 411 suspicionem
986 324 1125 404 adducit,
1148 325 1214 413 quia

102 430 218 494 nullum
240 428 320 491 ahud
342 449 452 492 nomen
473 415 570 516 iniq-v
591 448 698 511 purum
721 439 825 507 exeat,
849 428 880 491 id
902 427 978 511 quod
1001 427 1146 513 exempla
1166 451 1213 494 su·

100 553 156 618 pra
176 531 327 615 proposita
349 494 544 608 confirmed,
576 530 719 593 homerici
740 541 841 594 autem
864 529 1028 593 testimonii
1049 532 1212 596 auctorita·

98 618 163 698 tem
186 633 287 697 elevet
308 634 474 718 scripturae
494 633 691 716 ambiguitas,
720 622 829 697 oblitus
850 633 1048 717 gravissimae
1070 633 1211 709 rationis,

100 737 178 822 quod
207 735 357 821 adjectiva
384 732 520 799 verbalia
549 734 582 796 in
612 722 659 822 ηἶι
687 736 787 799 omnia
817 735 980 820 composita
1009 746 1085 800 sunt
1116 732 1210 827 ἀχήν,

100 830 233 924 daupu,
255 832 373 922 ἀκτήν.
417 835 522 902 Utrum
544 858 619 901 vero
634 836 802 901 Aristarchi
820 836 1000 902 sententiam
1024 839 1208 922 probaverit,

101 962 140 1005 an
162 941 246 1028 ζαῆν
269 961 322 1025 pru
344 938 405 1023 ζαὴ
427 940 556 1023 positum
579 941 740 1003 crediderit
759 950 793 1003 ut
811 939 993 1026 turpium,
1015 940 1144 1026 tacitum
1165 963 1209 1006 re·

98 1042 220 1137 linquih
244 1063 340 1125 neque
363 1041 448 1104 nobis
471 1041 624 1104 decretum
646 1053 695 1105 est
715 1042 784 1126 quid
805 1045 938 1107 omnium
957 1054 1116 1127 praestet3
1144 1065 1207 1108 nam

98 1140 391 1210 du‘t‘unb'rmandum
417 1142 498 1229 ζωῆς
518 1143 600 1224 §ccci
626 1144 680 1209 illc
708 1144 783 1208 nihil
809 1145 918 1210 afferre
944 1146 1044 1231 putuit
1071 1146 1133 1210 nisi
1158 1167 1206 1209 no·

98 1248 181 1311 mina
201 1245 339 1330 propria3
371 1241 450 1331 ζαής
472 1257 572 1310 autem
594 1247 761 1310 tritocliton
783 1257 925 1312 testatum
949 1248 1069 1333 quidem
1092 1261 1139 1312 est
1159 1269 1206 1333 ge·

98 1349 196 1414 nitiva
224 1347 339 1432 ζαοῦς,
375 1371 461 1434 quem
490 1348 658 1412 Bruuckius
686 1348 718 1412 in
746 1347 869 1433 Philippi
886 1349 1001 1434 ,Epign
1030 1349 1105 1414 Xll.
1132 1349 1203 1416 214.

96 1450 199 1517 Anall.
223 1451 260 1513 Τ.
279 1449 325 1514 11.
341 1450 434 1515 Antb.
456 1449 520 1514 Pal.
544 1450 600 1515 IX.
625 1472 657 1514 n.
679 1449 755 1516 290.
780 1472 821 1515 ex
843 1451 975 1515 Planude
997 1454 1204 1537 reposuit,·et

88 1565 206 1618 neutro
235 1553 309 1634 ζαές
328 1553 437 1641 μέγα,
467 1546 556 1621 πολύ
564 1602 575 1633 ,
605 1550 765 1640 λαμπρὸν
793 1549 816 1640 ἢ
843 1545 980 1642 ἰσχυρόν
1009 1555 1145 1643 Hesych.
1173 1566 1200 1620 et

98 1656 180 1719 Suid.
211 1656 261 1740 qui
288 1656 397 1719 alicubi
424 1656 566 1742 πνεῦμα
594 1656 666 1738 ζαές
696 1656 850 1721 invenisse
880 1657 1040 1735 videntur;
1081 1680 1151 1723 nam
1176 1669 1204 1723 et

96 1753 226 1844 ἄνεμος
251 1753 407 1846 λαμπρός
435 1759 494 1823 dici
524 1759 602 1822 solet
630 1781 661 1823 v.
690 1758 821 1844 interpp.
849 1759 885 1822 ad
910 1758 1005 1824 Arist.
1031 1761 1108 1847 qu.
1132 1759 1201 1827 430.

95 1861 225 1926 Dcrviil.
250 1861 288 1924 ad
310 1861 400 1925 Char.
425 1882 455 1945 p.
479 1859 555 1926 268.
599 1861 657 1924 Sed
679 1862 747 1926 huic
769 1883 830 1925 nen
852 1863 995 1927 convenit
1017 1865 1202 1930 accusativus

95 1964 222 2050 ζαῆνα,
250 1983 346 2046 neque
369 1961 511 2027 credibile
533 1973 581 2028 est
602 1963 764 2028 Homerum
787 1986 840 2048 pru
863 1966 925 2052 ζαῆ
947 1968 1109 2052 scripsisse
1128 1968 1202 2032 Aec-

94 2065 156 2130 lum
184 2085 267 2128 more
295 2054 379 2149 ζωήν
407 2064 457 2128 vel
485 2060 580 2150 §sium
622 2063 667 2128 Ad
690 2065 846 2144 ultimum,
877 2069 905 2133 si
932 2069 997 2154 quis
1026 2064 1112 2158 ζόην
1138 2071 1202 2135 sub·

94 2167 257 2232 stantivum
287 2187 354 2229 esse
380 2175 494 2230 statuat
516 2168 709 2251 compositum
735 2179 771 2231 ut
792 2164 960 2258 ζαπότην,
991 2194 1122 2238 versura
1147 2172 1202 2238 sol·

94 2281 167 2346 vet3
200 2288 309 2332 namu
337 2267 438 2332 verbis
463 2269 546 2354 puris
571 2270 740 2354 primitivae
771 2272 959 2339 formationis
986 2277 1072 2340 uuila
1101 2297 1203 2361 progr»

94 2381 242 2436 nerantur
263 2372 385 2435 numina
407 2373 459 2435 sed
481 2394 499 2437 a
521 2372 664 2437 derivatis
687 2378 904 2454 tantummodo,
927 2377 1118 2466 θεομίσης,
1138 2403 1202 2466 pu·

91 2473 292 2561 ναικοφίλης
315 2485 374 2539 etc.
419 2475 561 2559 Sequitur
581 2475 709 2539 aiterum
732 2498 792 2541 non
814 2480 908 2562 magis
931 2482 1105 2565 expeditum
1128 2481 1202 2548 αἐλ-

69 2569 167 2667 „jq'ffi
195 2578 272 2662 quod
292 2578 396 2663 Etym.
418 2579 460 2642 M.
484 2579 520 2642 ab
543 2578 624 2644 ἔλλω
649 2580 776 2663 repetit,
803 2579 1021 2667 Aristophanes
1040 2595 1145 2648 autem
1166 2585 1199 2648 11.

18 2742 26 2767 ,Ι
78 2670 143 2744 Ι111.
165 2678 217 2743 13.
242 2678 424 2746 κονισάλου
447 2674 574 2766 ὤρνυτ’
596 2677 714 2767 ditum
736 2684 855 2767 scripsit
878 2696 1017 2770 tanquam
1039 2689 1200 2752 substanti»

89 2804 174 2857 vum,
198 2782 326 2843 sortasse
345 2781 482 2844 feminini
504 2777 607 2848 ἄελλα
624 2783 936 2867 paraschematismnm
957 2783 1114 2876 ὁὰέλλης
1135 2812 1199 2855 esse

89 2893 173 2948 ratus
195 2893 230 2946 ut
251 2876 338 2968 α’ήτη
360 2874 482 2967 α’ήτης,
512 2884 648 2967 idemque
670 2887 745 2968 apud
767 2887 951 2975 Hesychium
972 2893 1127 2977 reperitur
1150 2890 1198 2958 sed

88 2997 215 3051 accentu
237 2986 429 3049 dissentaneo
449 2978 585 3071 Ἀελλής
609 2985 782 3075 συστροφή
804 2988 956 3078 α’νὲμου,
984 2995 1043 3058 nisi
1066 2995 1094 3060 is
1116 2997 1198 3080 geni·

87 3089 184 3152 tivum
206 3084 325 3174 οἷέλλης
350 3089 566 3172 interpretatus
593 3099 641 3152 est
663 3091 859 3157 nominativo.
890 3095 1040 3160 ,Tertium
1064 3098 1196 3182 quiddam

87 3191 282 3275 investigavit
304 3192 503 3256 Buttmannus
522 3191 654 3257 Gramm.
679 3195 707 3277 ἓ.
725 3193 780 3261 42.
804 3199 882 3261 Adn.
905 3197 957 3263 15.
982 3192 1104 3290 οἷελλῇς
1125 3199 1197 3264 scri·

32 3352 35 3357 .
86 3293 179 3369 bens,
212 3315 308 3378 neque
335 3305 433 3358 tamen
456 3295 612 3374 diffitetur,
641 3298 819 3383 adjectivum
841 3293 991 3385 οἷελλήεις
1017 3305 1095 3387 apud
1121 3304 1196 3368 anti·

86 3417 161 3479 quos
183 3417 243 3458 nun
266 3397 413 3482 reperiri3
447 3399 524 3482 quod
546 3400 622 3462 idem
646 3401 728 3464 valet
752 3403 787 3466 de
808 3392 998 3489 θυελλήὲις.
1040 3406 1195 3476 Postremo

43 3534 48 3549 ·
84 3497 199 3575 fuisse,
229 3499 279 3582 qui
300 3498 479 3574 κονίσαλος
502 3496 619 3587 diutiss
640 3523 693 3587 per
714 3490 954 3592 methypaliagen
977 3509 1106 3592 positum
1130 3531 1194 3574 cre·

84 3600 191 3664 derent
219 3621 274 3684 pro
300 3601 483 3669 κονισάλου
512 3597 631 3683 ἄελλα,
665 3588 851 3690 Βρίῑῑηενυέ
869 3610 1066 3675 demonstrat.
1111 3612 1194 3677 Ades

78 3702 219 3767 insolens
242 3705 377 3768 omnibus
396 3706 494 3770 visum
513 3700 632 3792 οἷελλής
654 3709 831 3793 adjectivum
855 3723 885 3775 et
904 3725 1026 3797 propter
1046 3737 1082 3779 se
1104 3726 1136 3780 et
1158 3717 1192 3778 ob

84 3805 171 3871 verbi
193 3799 297 3873 α’ἑλλω
321 3807 487 3884 defectum,
511 3809 587 3893 quud
609 3810 645 3871 ah
667 3805 755 3896 ἆήμι
776 3813 844 3876 duci
864 3827 982 3899 poterat
1004 3829 1039 3881 ut
1059 3810 1192 3906 οἷγιὶλλω

83 3910 120 3972 ab
143 3905 286 3998 ἄγαμαι.
328 3909 433 3994 Neque
455 3909 501 3974 illi
520 3921 665 3976 statutum
688 3913 832 3991 habuere,
859 3927 959 3980 utrum
987 3920 1017 3983 id
1037 3943 1094 4007 pro
1114 3915 1192 3988 ἄελ-

83 4004 189 4098 iu'dqr
209 4014 327 4104 dicatur
347 4036 386 4079 an
408 4035 462 4100 pro
483 4009 566 4100 uiiq'c
587 4017 652 4081 sive
674 4012 809 4104 οἷολλής.
852 4019 1020 4086 Plurahbus
1046 4025 1191 4116 ἐλεγχέες

1048 4238 1076 4281 st·
1133 4202 1137 4208 Ι
