2506 4492
223 162 308 257 'nn
334 187 501 258 uoutu.
531 190 704 260 nouos.
736 193 773 259 u.
796 191 822 259 ι.
852 197 881 281 g.
906 193 990 260 ιι..
1082 201 1152 271 tue

35 382 205 448 venerunt,
229 373 279 456 qui
292 371 477 437 homericum
491 365 604 459 τρόφι,
625 384 661 438 ut
674 374 851 459 Apollonius
866 376 963 440 refert
977 376 1010 442 in
1022 378 1150 458 Lentino,

36 487 195 562 oxytonos
219 475 407 558 scripserunt
429 472 473 549 οἷς
494 471 565 557 ὀπί,
586 472 657 544 οἷπδ
682 473 820 552 εὐθείας
842 478 903 564 τῆς
924 475 1025 566 ερόψ.
1055 480 1152 566 Igitur

35 579 104 644 sota
126 589 246 643 restant
266 572 315 662 ὂψ
336 575 361 663 ἦ
382 569 491 665 φωνή,
513 577 568 646 διοὶ
589 579 715 666 μικροῦ
737 580 868 666 Hesycb.
894 593 925 645 et
945 574 993 668 ὅιμ
1015 579 1038 669 p‘
1060 578 1152 667 ὄψις,

36 682 117 766 quod
139 680 321 745 Aristoteles
338 682 424 744 Poct.
440 680 528 743 XXI.
553 682 707 766 aphaeresi
730 684 918 747 imminutum
934 686 1005 750 dicit
1024 685 1101 755 οἷον
1114 684 1153 754 ‘cd

35 798 92 871 ιιρῑ
114 784 173 852 καὶ
197 780 236 849 εδ
259 783 317 863 δῶ,
341 783 504 868 Straboque
523 784 590 848 loco
611 785 769 850 notissimo
790 785 870 850 Vttl.
894 786 969 850 364.
995 797 1061 852 ou'm
1084 791 1152 855 aliis

36 890 128 976 bujns
151 887 319 952 affectionis
348 887 437 951 affert
458 888 617 972 exemplis,
648 898 787 972 uterque,
818 899 852 953 ut
881 890 1013 966 videtur,
1045 891 1152 955 Grani-

10 1026 13 1039 ·
36 994 217 1058 medicorum
239 1011 324 1053 more
346 990 506 1074 loquutus,
536 991 586 1074 qui
606 990 822 1075 gudemuculu
849 993 918 1076 quia
946 991 1036 1079 longe
1058 995 1151 1058 usito·

35 1096 98 1161 tius
122 1105 171 1159 est
191 1114 278 1178 quam
299 1093 456 1178 gradem
477 1092 538 1158 rite
560 1104 592 1158 et
613 1093 746 1178 legitime
768 1096 941 1171 formatum,
963 1092 1092 1161 alterum
1107 1097 1152 1160 af·

35 1200 152 1263 sectum
175 1191 295 1272 dioint3
324 1196 354 1259 id
376 1198 453 1280 quod
475 1197 512 1260 nd
528 1188 643 1277 Aedui,
667 1189 822 1282 Σοραιαδ,
845 1197 969 1285 Μέσοη
991 1199 1151 1263 transferri

34 1301 120 1365 licet.
146 1300 274 1366 Perinde
288 1299 401 1362 clarum
415 1311 474 1376 est,
497 1294 655 1387 ἄλφιτον,
678 1297 856 1385 πηδάλιον,
875 1294 1057 1388 γλαφυρός,
1072 1294 1152 1387 σρό·

35 1427 147 1492 pepone
175 1402 341 1467 derivativa
372 1423 459 1478 esse,
488 1424 524 1466 ec
550 1404 577 1467 si
605 1403 670 1487 quis
699 1404 845 1487 principia
869 1425 973 1468 eorum
996 1406 1150 1469 nominum

33 1507 180 1591 unquiret
208 1506 354 1582 effabilia,
386 1515 470 1569 rectu
499 1507 535 1569 ad
559 1506 612 1569 illa
633 1507 696 1589 ipso
718 1507 894 1584 deducetur,
919 1527 1007 1588 quae,
1040 1507 1150 1591 quien

35 1609 190 1674 communi
211 1629 268 1672 usn
290 1609 444 1693 repudiato
467 1618 550 1683 sunt,
580 1619 737 1692 propterea
759 1609 914 1672 decurtate
934 1609 1148 1695 vocantur⁴¹).

36 1712 95 1776 Sed
125 1711 217 1774 aliter
244 1732 278 1775 se
305 1711 417 1775 babent
443 1723 499 1798 κρι
520 1721 551 1774 ει
572 1708 631 1776 δώ.
677 1709 752 1774 Nam
783 1711 809 1774 si
838 1711 948 1793 prioris
977 1711 1149 1796 exemplum

35 1813 161 1891 nullum
177 1824 311 1891 extaret,
333 1810 471 1901 septb-ri
495 1815 608 1878 nemini
624 1835 685 1877 non
706 1811 890 1896 primitivum
912 1813 1148 1897 videreturper·

35 1937 133 2000 aeque
160 1927 196 1979 ut
222 1913 379 1991 αἵθ-ος.
428 1916 472 1980 Ac
499 1918 526 1980 si
555 1929 702 2004 epipedon
732 1915 860 1980 derivati
889 1917 1017 1999 speciem
1046 1914 1147 1992 habet,

34 2031 136 2083 tamen
157 2029 260 2104 etymo
281 2021 346 2104 ejus
367 2019 453 2104 plura
473 2020 558 2084 reddi
579 2032 715 2104 possunt,
737 2004 826 2107 ιῖρῖρῖ,
856 2004 1001 2103 ιῖρ-ιι-ι-ῼ).
1034 2016 1148 2082 Verum

35 2133 71 2186 ut
92 2120 150 2185 boc
173 2142 289 2206 quoque
312 2124 526 2199 concesserim,
556 2136 612 2210 κρῖ
639 2123 691 2188 vel
712 2123 805 2186 fuisse
827 2119 1011 2205 primitivan
1032 2119 1084 2184 vel
1105 2141 1148 2185 ex

36 2224 215 2309 nopniuibus.
237 2216 343 2310 κριθή
369 2238 401 2291 ει
431 2240 579 2313 κρῖμνον
612 2226 806 2310 probabiliter
833 2223 969 2307 exsculpi
1000 2223 1146 2306 potuisse,
1196 2259 1200 2268 ·

36 2338 139 2393 tamen
161 2326 219 2407 dci,
241 2330 318 2412 quod
340 2329 506 2413 Gregorius
528 2350 595 2392 cum
618 2325 775 2396 Ποσειδῶ
798 2326 928 2402 confert,
951 2335 1073 2389 veteres
1095 2346 1150 2389 cn·

35 2442 98 2496 tem
131 2452 186 2516 per
214 2452 319 2498 omnes
346 2453 436 2496 casus
457 2443 488 2496 ει
510 2450 652 2496 numeros
673 2430 828 2495 immotum
849 2418 1029 2502 traducunt,
1059 2448 1148 2491 cuum

105 2708 153 2776 db)
171 2707 270 2762 Graeco
287 2703 376 2775 πηδόσ
393 2707 609 2777 oppositissimum
627 2710 667 2756 est
682 2703 842 2771 gubernem,
861 2700 928 2769 qnod
946 2700 1028 2766 ipsum
1047 2698 1148 2751 radices

36 2811 100 2849 snas
126 2799 154 2848 in
180 2795 291 2847 Graecia
312 2796 406 2847 babere
427 2796 534 2846 videtur
556 2799 660 2860 propter
684 2796 818 2840 accentum
845 2788 954 2838 nominis
976 2782 1148 2856 κυβερνήτης.

28 2871 111 2954 'ilipa
130 2882 286 2935 Aristoteles
299 2876 405 2941 cnloco,
425 2882 470 2932 nbi
489 2881 544 2932 solu
560 2879 615 2930 trie
630 2878 656 2928 in
670 2860 687 2928 ἶ
702 2876 839 2928 terminari
853 2874 932 2934 dicit,
952 2872 1056 2923 silentio
1072 2887 1147 2940 prue-

35 2971 164 3027 termittit
186 2984 212 3021 v.
238 2968 350 3020 Dissert.
371 2966 415 3019 111.
443 2983 465 3019 c.
490 2968 514 3020 t.
540 2966 564 3035 §.
587 2967 612 3022 2.
642 2963 753 3016 fortasse
775 2963 837 3030 quin
855 2967 985 3028 postremo
1010 2959 1051 3011 sui
1073 2963 1148 3028 purte

33 3060 187 3108 truncatum
202 3055 317 3122 putarit}

107 3142 153 3208 42)
170 3144 295 3212 Kpipvop
312 3137 377 3196 κατ’
395 3134 537 3208 donobrio
553 3132 666 3206 α’ττικὴν
682 3135 729 3208 κρῖ
750 3131 907 3201 Μοεσιιοριὶ.
928 3130 1019 3183 Scbcd.
1040 3146 1065 3198 p.
1086 3129 1145 3182 155.

10 3222 105 3297 δῃοδ
124 3236 152 3279 et
171 3228 328 3280 Scholiastcs
345 3227 376 3280 ΙΙ.
397 3233 432 3282 Ε.
453 3227 513 3279 195.
538 3241 555 3276 ο
576 3226 690 3292 κρίμνον
711 3221 799 3289 potius
821 3216 896 3286 quent
914 3232 930 3269 n
946 3211 1032 3284 κριθή
1052 3217 1149 3283 repetit

36 3323 144 3384 propter
162 3316 293 3383 epitheton
310 3311 438 3383 edpvcpvds·
479 3311 635 3364 Prudentior
659 3315 767 3374 utroque
792 3305 904 3370 scriptor
920 3302 1147 3370 Epimerismorum

35 3394 65 3453 in
78 3403 182 3461 Anecd.
199 3400 285 3452 Crem.
301 3398 323 3452 t'
341 3401 401 3452 255.
421 3399 468 3468 κρῖ
483 3394 500 3468 ἦ
516 3389 601 3468 κριθή
620 3391 652 3446 ου’
669 3389 740 3447 need
759 3387 911 3458 οἷποιοπὴν,
930 3387 990 3441 ἐπει
1008 3381 1147 3457 οδπεριε-

36 3476 130 3543 otrico
147 3482 190 3547 dv.
207 3483 275 3540 ἄλλοι
294 3486 365 3539 κατεῖ
383 3477 518 3555 διώνυμον
535 3475 620 3551 ὥσπερ
635 3473 724 3551 ἡμέρα
741 3483 786 3530 καὶ
800 3471 889 3546 ἦμαρ.
920 3474 1070 3541 Apollonius
1080 3473 1145 3526 Lex.

33 3568 219 3640 Ἀρίσταρχος
233 3569 265 3628 οὗ
277 3566 338 3626 κατ’
350 3568 496 3640 α’ποκοπήν
510 3566 638 3638 εἰρῆσθαι
654 3561 722 3618 ἄλλο’
740 3563 1004 3631 μιτισχηματίσθαι,
1022 3577 1087 3628 qucc
1103 3561 1148 3613 nl·

36 3660 140 3713 bertius
158 3659 269 3713 ediles.
289 3661 320 3712 Τ.
338 3659 369 3712 11.
391 3657 450 3711 347.
470 3670 515 3724 per
533 3666 645 3708 errorem
658 3651 749 3711 Photio
767 3649 870 3700 tribuit.
906 3649 1016 3716 Κρίμνα
1032 3641 1146 3715 οὔριοι,

37 3749 277 3827 κριμναμριθὲων
294 3748 396 3814 saepius
414 3746 514 3810 legitur
530 3743 597 3810 apud
615 3723 806 3809 Hippdcruticos
829 3733 860 3785 do
876 3730 937 3785 Nat.
957 3730 1022 3784 Mul.
1042 3748 1066 3798 p.
1086 3728 1145 3783 587.

39 3831 70 3883 δε
87 3830 172 3885 Morb
191 3832 235 3884 ltt.
257 3833 316 3888 322.
336 3828 372 3886 τδ
392 3825 528 3904 οἶδρομερῆ
544 3823 676 3896 κόμματα
692 3819 742 3878 τοῦ
758 3824 830 3874 odron
847 3821 963 3887 κρίμνον
982 3807 1148 3884 ὀνομάζεται

39 3919 175 3987 Theophil.
197 3921 228 3971 de
245 3918 319 3971 Urin.
339 3935 363 3986 p.
384 3920 426 3970 55.
452 3918 589 3981 eodemque
607 3917 714 3962 occentu
733 3906 824 3960 Galen.
844 3905 875 3956 dc
892 3903 959 3961 bded.
981 3903 1069 3969 simpl.
1088 3898 1144 3951 Vll.

40 4007 83 4068 tt,
102 4008 146 4058 db.
167 4005 200 4058 Τ.
222 4005 281 4059 ΧΗ.
306 4005 434 4076 Lycophr.
454 4001 514 4057 507.
534 4008 584 4053 oto.
610 3997 656 4051 scd
672 3997 772 4049 rectius
789 3994 902 4048 fortusse
918 3991 1032 4061 κρῖμνον
1048 3988 1143 4041 Athen.

36 4089 78 4145 uu.
99 4093 162 4150 ιιι.
181 4090 212 4145 c

885 4159 931 4226 8¹·
1011 4148 1035 4217 ι
