2506 4492
74 198 146 269 166
238 269 242 274 .
435 196 757 266 utssuarsrto
783 194 830 264 ll.
880 182 883 186 Δ

76 381 107 445 id
128 392 177 446 est
195 374 360 463 εὔπνους,
384 379 421 444 de
443 400 501 464 quo
522 378 596 455 mihi
617 401 679 444 non
701 377 844 443 convenit
865 395 932 440 cnm
953 375 1135 442 Hermanno
1153 378 1185 442 ad
1226 430 1228 447 .

76 483 203 548 Philoct.
223 481 309 562 1317.
347 481 582 569 ἐπουτοφαδές
609 477 668 550 ἐπ’
696 476 882 568 αὐτοφώρῳ
912 479 1047 566 Hesych.
1082 481 1135 565 qni
1160 493 1186 545 et

77 585 245 651 calceorum
266 606 377 651 nomen
398 576 596 674 οιλοδοχεδές
616 584 705 648 affert
726 593 758 648 et
778 579 936 672 α’σχοιδές,
959 583 1038 667 quod
1058 577 1187 669 οἷμετοέ-

54 687 196 777 ὀχοτον
213 689 444 774 interpretatur,
465 689 519 752 sed
532 688 635 774 Etym.
648 687 691 750 tt.
711 681 963 764 οἷκοτοέοτοτον,
982 685 1071 768 quasi
1091 683 1187 754 οἷοτο·

76 788 130 865 δές
147 789 290 874 legisset3
313 791 419 876 quihus
435 791 576 875 adjuncta
595 800 666 852 sunt
685 788 882 853 denteroclita
902 784 1031 877 οχέδιος
1041 788 1086 873 ⁹)
1110 780 1187 855 ocol-

76 889 158 970 διος,
179 884 342 974 deroldum,
363 884 550 980 οἷμφοέδιος,
572 887 798 968 ἁποοποῖδιος,
821 887 978 978 φθέδιος,
1000 889 1186 982 πασσυδίῃ,

74 989 224 1082 βλολδιος,
245 997 305 1059 nisi
323 996 380 1059 hoc
400 987 541 1082 οβλιλζω
557 1007 696 1078 repetere
710 994 857 1058 malumus
882 1004 916 1057 nt
936 1013 955 1056 a
975 985 1065 1082 χοέζω
1090 989 1186 1084 εὕρο-

75 1089 196 1188 χαδής,
228 1099 304 1220 pnod
325 1097 475 1161 Lucianus
504 1097 715 1182 reprehendit3
740 1106 842 1180 p'neque
869 1083 1041 1180 impediam,
1069 1097 1098 1160 si
1125 1096 1185 1217 (puis

75 1199 175 1291 ῥοιδές
202 1195 263 1265 τδ
260 1193 471 1286 ἀμφοτέρως
500 1195 752 1286 (οἷμφοτέρωοε)
782 1195 981 1284 κλινόμενον
1013 1199 1088 1263 Hes.
1120 1195 1185 1286 α’μκ

76 1296 242 1391 φιρῥηδής
260 1311 290 1365 et
305 1299 509 1392 περιρρηδὴς
525 1323 592 1365 cum
610 1303 704 1367 verbo
722 1299 784 1388 ῥέω
803 1300 962 1384 (runt),
948 1299 1052 1390 ρέπω,
1071 1298 1186 1390 ρι’πτο,

75 1403 195 1492 έρεέποι
223 1416 350 1490 cognata
376 1415 472 1490 putet.
517 1407 614 1488 Atque
641 1405 678 1467 ab
707 1403 762 1466 hoc
786 1403 942 1467 rarissimo
970 1405 1186 1489 adjectivorum

76 1527 189 1592 genere
212 1507 295 1570 nulla
317 1508 424 1571 existit
444 1528 593 1592 propago;
623 1528 691 1570 narn
714 1505 903 1597 διοιῤῥοδοῐν
922 1505 1034 1570 Aesch.
1054 1506 1183 1591 Choeph.

75 1606 130 1674 67.
155 1630 251 1694 neque
272 1631 326 1694 pro
345 1608 548 1700 διορῥοδῆεν
570 1609 664 1694 accipi
685 1629 782 1693 neque
801 1619 941 1672 neutrum
960 1609 1114 1694 participii
1133 1609 1186 1675 dici

74 1722 196 1797 potest;
237 1711 432 1776 Scholiastann
463 1706 648 1800 διορρύδην
678 1710 789 1794 legisse
817 1712 948 1775 ostendit
975 1711 1184 1802 interpretatio

75 1812 257 1904 διαρρέων,
291 1837 349 1898 quo
379 1815 467 1878 modo
496 1815 638 1878 adverbia
667 1812 811 1895 explicari
841 1813 959 1877 solent=
1003 1808 1182 1881 οἷποσταδδ

73 1912 265 2004 ἀφεστῶτες
283 1917 383 1981 Schol.
399 1916 435 1979 ll.
455 1916 498 1982 Ο.
514 1913 588 1978 556.
610 1909 813 2002 ἀμβολάδην
830 1908 1037 2003 ἀναβάλλων
1053 1916 1183 2004 Hesych.

74 2011 224 2092 ἐντοπιές
244 2016 527 2108 περιοοφιγμένος
549 2017 652 2082 Schol.
674 2018 773 2103 Apoll.
798 2018 824 2086 1.
847 2017 933 2095 264.
969 2019 1030 2084 Sed
1053 2041 1186 2087 resuma-

73 2141 141 2185 mus
163 2141 246 2185 orsa.

528 2305 532 2316 ’
585 2310 673 2395 §.a

160 2426 356 2513 Comprobato
378 2428 489 2514 igitur,
518 2430 699 2517 adjectivum
722 2423 858 2514 στοδός,
888 2433 973 2517 cujus
995 2433 1185 2498 accusativus

72 2531 106 2596 in
124 2523 232 2599 οτοέδο
251 2532 460 2617 transfigurari
482 2544 596 2618 posset,
619 2534 713 2598 fuisse
734 2533 861 2614 nullum,
888 2536 1185 2620 circumspiciendum

72 2647 120 2702 est
142 2637 222 2700 aliud
244 2636 398 2719 effugium.
439 2635 503 2699 Nec
526 2638 634 2700 desunt
656 2637 760 2701 duces.
800 2637 920 2700 Etenim
943 2638 1116 2721 complures
1136 2660 1185 2704 ve·

72 2749 172 2802 terum
195 2733 302 2802 moldo
324 2737 398 2799 illud
420 2747 569 2820 amputato
592 2738 686 2821 capite
710 2760 750 2801 ex
769 2733 916 2805 εδοτοέδοι
938 2740 1080 2804 extitisse
1104 2743 1185 2826 ajunt

73 2841 175 2905 eadem
188 2838 319 2915 ratione,
339 2859 396 2922 qua
413 2833 537 2924 ἠνορέη
556 2861 609 2922 pro
627 2835 788 2926 εὐηνορέη
806 2842 999 2905 substitutum
1012 2844 1053 2906 sit
1068 2842 1182 2909 Anecd.

71 2965 102 3030 p.
128 2941 222 3010 1242.
247 2941 350 3027 Etym.
374 2941 417 3008 M.
442 2962 470 3025 p.
495 2940 578 3018 432,
601 2940 655 3006 35.
697 2942 790 3027 Cujus
813 2945 982 3008 sententiae
1005 2946 1111 3010 auditu
1132 2948 1184 3010 mi·

71 3047 175 3110 rabilis
185 3044 453 3109 Grammaticorum
470 3045 633 3108 secundum
644 3043 850 3109 Aristarchum
865 3046 1082 3124 nobilissimus,
1096 3050 1184 3136 Apol·

71 3147 191 3222 ionius,
223 3148 325 3211 nescio
350 3169 389 3211 an
413 3159 537 3223 auctor,
569 3156 652 3211 certe
677 3150 884 3232 comprobator
908 3150 976 3214 fuit.
1024 3150 1080 3214 Hic
1105 3152 1183 3216 enim

49 3246 108 3314 'de
132 3248 219 3334 Conj.
244 3272 274 3333 p.
297 3248 373 3336 499.
400 3260 430 3315 et
452 3251 487 3314 de
509 3250 641 3314 Adverb.
666 3272 695 3334 p.
720 3248 795 3315 546.
823 3250 957 3335 pluscula
979 3255 1127 3318 vocabula
1147 3255 1183 3318 ad

72 3351 202 3438 speciem
230 3351 376 3435 simplicia
405 3374 422 3417 e
451 3351 622 3437 compositis
650 3363 720 3417 nata
748 3364 849 3437 putat,
885 3340 1027 3442 ἠνορέη,
1060 3354 1183 3445 σαφής,

70 3447 214 3563 φρνδης,
237 3467 393 3542 φρονεῖν,
415 3454 676 3540 argumentatione
697 3455 885 3542 hujusmodis
915 3479 934 3522 a
953 3455 1045 3546 φρήν
1066 3460 1094 3526 si
1115 3483 1183 3528 ver·

76 3624 288 3638 -1—-1—

139 3743 167 3811 9)
187 3744 342 3797 Eustutlrins
360 3760 385 3812 p.
406 3744 488 3807 1662,
509 3745 551 3798 35.
572 3751 643 3795 recte
661 3739 763 3812 οχέδιοι
780 3761 795 3797 a
813 3742 909 3814 οχοδέν
926 3755 1012 3800 ortum
1030 3751 1110 3813 dicit,
1134 3768 1182 3802 non

70 3841 176 3895 cenna,
203 3840 234 3884 nt
251 3832 354 3898 quidam
372 3827 467 3883 ἐνῶπα
486 3831 518 3881 ab
535 3826 639 3884 ἐνώπια
661 3839 745 3882 ortum
763 3839 906 3897 putarem
936 3835 1013 3901 idque
1031 3839 1183 3888 confirmant

70 3921 149 3971 otiam
166 3918 290 3971 adverbia
307 3930 448 3985 paronyma
465 3916 552 3967 eodem
570 3917 700 3970 traducta.
737 3917 826 3986 Etym.
846 3917 915 3971 llud.
934 3937 958 3987 p.
980 3922 1048 3983 308,
1070 3925 1111 3976 15.
1135 3943 1184 3978 νο-

68 4000 250 4074 τωμοέδιοτ’
232 3999 289 4060 aod
312 4024 361 4058 τοο
347 3993 592 4071 “casopaddc
571 4018 606 4055 ors
626 3998 733 4069 οἷφοιδόν
750 4000 875 4060 έκτοὶδιος
897 4007 976 4058 scrib.
1001 4003 1037 4060 oie
1054 4005 1185 4080 ἀμφαδόν

69 4084 347 4162 ἅμφιὶδιοο,διιτοδο’ν
359 4085 492 4146 έκτιὶδιοτ
512 4087 584 4143 Adde
596 4090 637 4143 his
651 4079 992 4160 conplatonicorum,
1005 4089 1182 4164 ιῖμοιβιέδιοτο
