2506 4492
236 218 293 284 nu
314 214 503 283 aurucr.
534 214 748 283 tumente.
772 217 807 282 ο.
826 219 878 286 rv.
908 222 936 303 §-
956 221 988 285 3.
1006 221 1038 285 a.
1105 220 1176 287 nes

72 394 257 488 διόγνητος,
280 393 486 484 ἦμίθνητος,
508 391 738 482 πολύκμητος,
762 391 1005 486 οιδηρύτμητος
1018 399 1099 485 (eum
1115 422 1177 466 me·

69 503 179 569 tathesi
200 499 461 590 τμητοοίὸηρος)
483 493 671 586 ἄγνωστος,
695 494 858 588 οίτρατος,
877 503 929 568 vel
951 505 1042 569 etiam
1065 504 1177 569 diversi

69 601 218 691 οίύαμος,
243 595 618 701 ύυςθαν-ύς,-διὸρ3ολος,
641 595 783 688 α’ίτομος,
802 598 961 693 νεόγονος
981 617 1041 670 ete.
1058 628 1115 691 quo
1129 606 1176 685 fir,

72 719 108 773 ut
128 707 283 792 adjectivis
306 707 338 770 in
360 729 419 783 ας,
441 729 490 790 ης,
514 728 570 781 ας,
600 705 665 769 sive
696 705 789 788 gradu
817 707 882 771 sive
912 729 1024 792 genere
1058 710 1177 793 uhliquo

70 832 145 896 opus
167 821 234 886 est,
258 828 496 893 quoquoversum
529 807 579 871 via
601 818 712 892 pateat.
758 808 859 893 quue
881 813 975 896 magis
998 832 1107 895 operae
1131 823 1178 877 est

70 908 231 977 ahservare
255 911 405 975 contraria
431 910 579 993 exempla,
611 909 641 972 id
664 911 740 992 quad
761 912 860 975 faeere
883 912 1012 976 institui.
1058 913 1177 977 Verba-

68 1014 146 1080 lihus
170 1036 251 1076 nune
273 1013 375 1076 addam
397 1032 583 1096 parouymon
606 1007 750 1098 οἷρῳητος
772 1012 886 1080 ἐλαίου
907 1014 1174 1083 mellontos.

68 1116 148 1200 quod
181 1117 206 1180 si
237 1115 300 1199 quis
329 1136 370 1178 ex
398 1137 430 1178 v.
455 1112 508 1179 98.
532 1124 563 1177 et
584 1112 659 1179 224.
685 1115 735 1176 uhi
758 1112 941 1202 α’ρῳήεντος
963 1117 1078 1186 ἐλαίου
1103 1120 1177 1206 legi-

67 1235 134 1298 tur,
162 1219 368 1304 corrigendum
390 1210 491 1302 putet,
524 1238 638 1280 meram
666 1216 753 1279 allert
774 1217 902 1281 alterum
925 1223 1094 1306 exemplum
1117 1217 1178 1309 aip-

69 1323 148 1412 ῳητι
168 1315 273 1388 τ’ίνθει
292 1345 323 1386 v.
352 1318 425 1384 631.
467 1320 530 1415 ⁹Setl
552 1342 606 1405 pre
629 1315 758 1407 ἄρρητα
780 1318 928 1387 κέλευθα
947 1322 1070 1408 Oppian.
1097 1325 1174 1412 Cyn.

72 1426 110 1490 ll.
137 1423 211 1488 140.
237 1423 362 1488 Guietus
400 1436 430 1488 et
463 1419 660 1508 Schneiderus
689 1432 772 1485 reete
802 1423 987 1507 seripserunt
1014 1423 1177 1515 οίργηντα.

70 1529 139 1592 Alia
159 1549 233 1592 vero
254 1527 372 1590 ratione
396 1525 502 1589 nititur
524 1524 744 1609 gentilieierum
765 1525 997 1590 masculinorum
1011 1519 1178 1616 ίοηῖουω

70 1631 240 1696 nominihus
270 1628 408 1693 neutrius
437 1629 557 1714 generis
579 1647 691 1690 marem
718 1620 955 1710 significantibus
979 1634 1176 1709 constructio,

69 1731 231 1822 μειρακίῳ
252 1729 366 1818 Κρητί
386 1731 503 1795 Conon.
537 1729 627 1794 Narr.
665 1750 693 1792 ο.
723 1729 824 1793 XXll.
857 1752 911 1815 pro
941 1752 998 1814 quo
1026 1735 1177 1800 Maximus

71 1834 201 1902 Dissert.
226 1834 342 1898 XXVl.
366 1834 399 1910 8,
423 1832 477 1899 27.
503 1833 607 1897 maluit
629 1833 782 1917 possesivo
814 1832 858 1896 uti
887 1835 1029 1923 eppeinpi
1057 1861 1179 1922 μειρα-

70 1938 144 2026 κίῳ,
165 1940 244 2003 sieut
264 1936 440 2000 Plutarchus
463 1936 501 2000 V.
528 1936 643 2021 Philop.
667 1932 720 1997 Vl.
743 1932 819 1999 445.
850 1934 1028 2022 μειρακίου
1056 1939 1179 2026 Μεγα-

69 2041 307 2122 λοπολιτικού;
331 2040 384 2105 sed
408 2040 511 2104 eadem
532 2058 678 2124 generum
700 2037 819 2123 synesis
841 2038 951 2103 Aehill.
976 2039 1042 2104 Tat.
1057 2040 1096 2104 ll.
1121 2039 1175 2105 37.

72 2145 126 2209 54.
151 2142 328 2230 μειρακίου
351 2128 494 2230 Φρυῳύς,
518 2139 630 2224 Geopp.
646 2139 732 2203 XIV.
758 2139 812 2217 11,
828 2139 859 2204 1.
873 2135 1039 2217 Λύκωνος
1057 2135 1180 2231 ὀστροί-

68 2271 145 2314 κου.
189 2245 291 2328 Neque
313 2244 369 2307 hoe
391 2246 507 2323 solum,
539 2242 703 2307 sedetiam
726 2243 853 2305 nomina
869 2244 981 2329 primae
1004 2245 1179 2312 declinatio·

70 2352 120 2415 nis
144 2347 328 2434 neutralibus
349 2348 470 2433 adjungi
492 2346 609 2410 solent:
633 2338 781 2433 νησιώτῃ
802 2345 964 2432 μειρακίῳ
991 2347 1117 2412 Luciau.
1141 2351 1178 2414 da

70 2455 160 2518 Dom.
187 2451 213 2534 §.
238 2449 270 2513 3.
293 2472 322 2534 p.
348 2447 401 2514 92.
426 2450 462 2512 Τ.
487 2446 567 2512 Vlll.
592 2446 654 2512 τού
673 2445 815 2532 Πέρσου
837 2446 1016 2531 μειρακίου
1034 2451 1175 2515 Philostr.

71 2557 129 2640 Ep.
153 2552 262 2617 XLVl.
286 2551 361 2616 935.
386 2552 449 2617 τού
476 2545 737 2636 Ταυρομενίτου
761 2550 941 2635 μειρακίου
963 2549 1118 2613 Jemhlieh.
1138 2551 1177 2614 V.

71 2660 107 2724 P.
131 2656 186 2733 25,
210 2654 283 2718 112.
316 2652 423 2740 (140.)
451 2654 513 2719 τού
548 2649 717 2738 δυστήνου
747 2652 804 2718 καὶ
842 2649 1033 2738 νομαιλίτου
1060 2651 1181 2742 γένους

41 2810 44 2816 .
74 2763 184 2848 Synes.
210 2759 325 2822 Catast.
350 2777 381 2842 p.
408 2754 483 2820 303.
508 2755 542 2818 Β.
567 2757 626 2820 nisi
656 2755 708 2818 ille
729 2755 920 2841 νομαδικού
944 2755 1075 2840 scripsit.
1121 2757 1180 2822 Sell

73 2864 131 2927 hae
148 2866 211 2948 jam
233 2862 269 2924 atl
299 2858 545 2944 appellativorum
574 2857 724 2940 viciniam*
743 2860 915 2935 deseendit,
947 2879 1022 2943 quae
1045 2858 1179 2943 singilla-

68 2966 128 3030 'tim
152 2965 329 3050 exponenda
354 2963 507 3027 videntur.
1068 2966 1070 2975 '

589 3155 616 3237 §-
639 3155 671 3218 a.

71 3294 73 3299 ⁴
165 3277 277 3339 Eadem
304 3274 397 3358 igitur
426 3273 512 3335 made
541 3272 650 3336 dieitur
679 3272 840 3360 μειρακίῳ
870 3269 999 3365 πύκτη,
1035 3274 1177 3338 Philostr.

75 3380 188 3464 lmagg.
212 3379 249 3440 L.
265 3376 303 3439 ll.
328 3376 382 3452 30,
405 3373 480 3442 842.
505 3373 670 3463 παιδαρίῳ
690 3373 808 3467 τοξύτη
829 3376 981 3440 Aristaen.
1008 3375 1031 3443 l.
1049 3377 1091 3460 Ep
1111 3375 1177 3454 15,

73 3482 128 3546 75.
152 3474 392 3568 μειρακύλλιον
414 3471 678 3565 ἱματιοκλέπτην
700 3481 788 3564 Diog.
812 3479 866 3542 La.
881 3469 1000 3555 Vl.52,
1017 3477 1091 3542 330.
1108 3499 1180 3562 qua·

73 3607 142 3649 rum
165 3605 254 3649 eausa
276 3584 308 3645 in
331 3592 434 3666 aperto
457 3592 513 3644 est.
561 3582 618 3644 Sed
645 3583 696 3658 ht,
720 3593 754 3646 ut
781 3603 818 3644 ea
840 3603 955 3666 quoque
979 3581 1177 3655 substantiva,

74 3706 152 3772 quae
175 3706 228 3749 sue
251 3698 282 3752 et
305 3683 424 3770 proprio
446 3683 512 3746 loeo
534 3685 630 3767 posita
658 3695 748 3762 suut,
779 3684 909 3768 epitheta
940 3706 957 3747 e
987 3684 1104 3747 diverso
1127 3702 1178 3766 ge·

74 3810 151 3854 nere
180 3789 317 3871 adjuncta
339 3788 484 3862 habeant,
512 3779 642 3872 ηδυβόῳ
669 3777 842 3871 πνεύματι
863 3787 937 3849 Eur.
968 3784 1075 3848 Baeeh.
1102 3780 1175 3846 129.

76 3885 183 3981 (λη’κτη
205 3885 348 3975 στόματι
368 3889 461 3953 Anth.
489 3889 573 3951 Plan.
598 3911 630 3952 u.
654 3888 728 3954 250.
755 3890 794 3953 τί.
812 3887 1018 3953 Friedemanu.
1044 3887 1079 3947 de
1102 3883 1178 3946 Peu-

76 4007 150 4058 tam.
175 4016 205 4078 p.
229 3991 303 4056 318.
333 3999 434 4084 νηΐτη
460 3984 688 4080 στρατεύματι
717 3992 869 4059 Memnon.
898 3991 976 4054 Hist.
1007 3985 1090 4050 Xlll.
1119 3984 1175 4052 22.

78 4097 172 4163 Orell.
220 4097 277 4162 Sed
299 4096 375 4181 quotl
391 4096 538 4182 Oppianus
552 4095 630 4183 Cyl.
648 4092 699 4160 lll.
717 4093 792 4163 399.
812 4093 975 4180 hystrieem
992 4090 1065 4157 tlieit
1076 4083 1179 4159 οἷκον-

1026 4436 1035 4451 .
1155 4414 1243 4452 und
