2506 4492
86 191 156 266 {aa
433 185 749 254 btsstettfflto
777 187 841 258 lll.

84 366 331 461 ἆμρικελεμνίς
343 366 401 450 ¹²),
420 363 612 456 αὐτονυχίς,
632 366 799 452 κραταιίς·
822 380 852 433 et
866 369 999 437 Joanues
1016 393 1048 456 p.
1063 367 1121 448 38,
1136 369 1184 438 ab.

81 473 128 546 ,ταί
150 474 235 559 ὑπὲρ
261 469 321 538 ddo
345 467 515 557 συλλαβαῖς
540 475 587 544 εἰς
612 458 643 544 ἦ
664 463 812 561 λήγοντα
832 469 1104 560 κατεσταλμένων
1125 474 1186 540 τῶν

20 588 23 597 “
88 574 143 649 δαί
164 579 226 643 τοι]
247 561 300 649 ὸ“ις“
317 575 374 641 καί
395 561 445 647 νας
469 577 544 656 (scr.
564 561 642 647 a'dr}
662 574 718 640 καὶ
737 559 827 658 αἷς)
851 567 1020 656 ὀξύνεται,
1048 575 1185 670 lynceio,

83 682 107 751 ῑό
127 681 230 772 χωρίςΙ
245 679 307 746 τοῦ
326 664 585 767 σΚαλλίμαχσς
605 676 712 756 εἶπεν,
735 677 896 764 λικριφίς,
917 679 1084 767 κραταιίς,
1108 700 1186 764 prae·

84 799 226 868 tereaque
244 793 330 847 extat
345 780 528 845 homericum
545 775 728 866 αμφονὸίς,
744 783 820 864 quod
835 782 1019 866 Hartungius
1036 782 1081 846 De
1098 784 1184 847 casib.

83 914 116 979 p.
133 888 209 955 242.
232 906 386 972 perperam
406 885 444 947 ab
466 879 525 956 οὖς
547 883 740 966 compositum
760 896 863 968 putat,
880 895 911 948 et
932 885 1001 948 buic
1024 885 1202 969 appositum

79 989 233 1068 ἐπιανδίς
244 999 278 1053 et
288 988 408 1070 utrique
420 985 614 1049 assimilatum
628 979 833 1071 doponovdic
846 1009 877 1051 v.
886 988 999 1051 Aneed.
1011 1009 1041 1071 p.
1054 986 1188 1057 witta.-

42 1151 46 1157 .
84 1098 229 1169 sivero,
257 1092 335 1156 unde
358 1088 484 1173 quidque
506 1087 612 1160 horum
633 1102 736 1160 natum
758 1091 815 1166 sit,
843 1089 1050 1173 scrupulosius
1073 1090 1184 1174 quaeri

81 1221 167 1276 mus,
198 1196 313 1260 nullum
333 1193 376 1255 ita
398 1202 599 1274 comparatum
624 1202 670 1255 est
695 1203 729 1256 ut
756 1214 822 1257 cum
843 1191 994 1282 κραταιίς
1022 1191 1184 1278 comparari

80 1301 194 1395 possit3
232 1316 359 1380 namque
385 1295 525 1380 pleraque
554 1295 715 1377 composita
741 1307 832 1372 sunt,
859 1292 1011 1380 'simplicia
1038 1316 1103 1359 non
1124 1295 1183 1381 plus

79 1406 157 1478 dno,
189 1397 332 1486 colaepio
353 1409 385 1463 et
404 1393 566 1482 λικριφίς,
596 1417 720 1480 quorum
741 1399 823 1481 prius
847 1419 970 1482 prorsus
999 1398 1194 1482 incognitum.

77 1516 128 1573 est
149 1503 259 1588 (neque
276 1503 400 1565 audeam
418 1496 592 1584 στολοκρίς
609 1504 790 1584 proponere)
812 1501 939 1565 alterum
959 1499 1105 1590 alippio
1120 1521 1182 1586 pro-

82 1608 213 1672 ductum.
243 1605 302 1667 Sed
316 1625 370 1687 pro
383 1602 548 1689 κραταιῶς
563 1602 678 1686 aliquos
695 1603 808 1679 dixisse
824 1601 976 1688 κραταιίς
994 1614 1049 1667 ant
1064 1602 1181 1667 omnino

81 1731 149 1773 csse
170 1707 344 1773 adverbium
357 1706 516 1792 ejusmodi,
540 1706 616 1789 quod
636 1706 674 1769 ab
695 1678 851 1790 adjcclivis
869 1707 1027 1790 paragogis
1048 1705 1083 1769 iu
1101 1692 1182 1784 αιἰἶς,

73 1798 163 1892 ’ἆυ-ς,
184 1797 271 1887 ταῖς,
293 1808 423 1874 derivari
445 1807 556 1892 possit,
579 1806 630 1901 bis
648 1807 793 1890 exemplis
816 1829 877 1870 non
899 1809 1085 1874 adducimur.
1125 1808 1203 1874 lle·¹

80 1937 136 2000 que
162 1913 219 1978 boc
245 1912 342 1976 solum
360 1908 558 1994 ,suspiciosum
585 1909 747 1973 sedetiam
769 1907 842 1981 illud
870 1912 1104 1976 addubitandum
1125 1923 1179 1990 est,

76 2038 150 2081 num
169 2011 429 2099 ἀποστρέψασκε
450 2032 503 2095 pro
521 2004 710 2099 ὑπέστρεφε
732 2011 882 2076 homerico
901 2036 984 2080 more
1003 2015 1116 2080 dictum
1132 2016 1179 2080 sit.

77 2118 142 2182 lam
164 2116 318 2180 videamus
343 2114 378 2176 de
403 2112 499 2176 altera
523 2113 657 2192 ratione3
693 2109 712 2178 ὁ
732 2107 978 2202 Ἀσκαλωνίτης
999 2115 1039 2186 τὰ
1059 2120 1180 2205 πλῆρες

74 2214 257 2305 κραταία
281 2217 334 2296 ἴς,
364 2213 389 2304 ᾤ
410 2211 553 2301 ἐπείσθη
574 2213 597 2300 ἡ
620 2206 799 2301 συνήθεια.
846 2217 1026 2298 Quaeritur,
1056 2245 1115 2307 quo
1136 2245 1179 2287 ac·

74 2332 188 2396 centu;
218 2340 289 2382 num
311 2311 444 2405 κραταῑ’
466 2317 514 2395 ἴς,
539 2328 574 2381 ut
594 2318 768 2383 Eustathius
791 2321 913 2398 scribit,
938 2327 1179 2392 controversioso

74 2423 128 2497 illo
149 2415 273 2514 ppet’p'p
294 2422 459 2498 subnixus,
483 2421 532 2485 oui
553 2415 634 2498 ὀξεῖ’
651 2416 770 2506 ὀδύναι
784 2421 824 2505 ll.
841 2423 898 2486 Xl.
915 2424 992 2491 272.
1017 2428 1178 2514 adjungere

74 2537 210 2613 poterat,
245 2546 284 2588 an
310 2521 446 2611 κραταί’
469 2525 514 2604 ἴς,
549 2535 583 2588 nt
611 2524 788 2591 Sebaeferus
816 2525 852 2588 ad
880 2525 969 2590 Dion.
999 2530 1075 2594 XX.
1105 2529 1175 2598 280.

75 2650 199 2712 quornm
221 2639 361 2699 neutrum
383 2627 457 2690 satis
479 2635 594 2702 tutum,
622 2628 675 2690 sed
696 2627 778 2710 prius
802 2641 1038 2699 consentaneum
1061 2643 1110 2698 est
1131 2656 1178 2698 eo·

72 2750 141 2794 rum
163 2728 290 2806 rationi,
320 2729 370 2811 qui
391 2721 413 2794 ol
435 2724 524 2805 tert,
549 2723 634 2793 κεῖν’
657 2722 751 2816 ὄχεα,
777 2730 946 2795 scribebant
967 2755 999 2797 v.
1024 2734 1174 2820 Spitzner.

70 2832 110 2902 ad
132 2830 168 2893 ll.
192 2828 231 2894 V.
258 2827 330 2892 104.
349 2833 393 2911 1³)
421 2849 517 2911 neque
538 2821 814 2915 proparoxytonum
835 2833 861 2896 si
884 2835 948 2918 quis
970 2839 1123 2920 praeferet
1147 2851 1177 2909 ut

72 2933 213 3020 πέραια,
242 2950 363 2996 causam
386 2929 546 3009 obtinebit,
581 2931 748 3008 namhoc,
781 2944 815 2997 ut
840 2935 1110 3019 significationem,
1137 2943 1178 3007 ita

70 3047 228 3110 accentum
256 3033 371 3119 aceepit
397 3033 587 3103 substantivi.
635 3034 739 3101 Restat
766 3037 856 3131 tertia
882 3040 1054 3119 sententia,
1093 3064 1176 3129 qnam

142 3291 186 3358 12)
208 3291 292 3358 Hujus
309 3293 466 3359 adjectivum
484 3298 557 3343 extat
574 3291 641 3357 apud
658 3290 814 3362 blespcbium
836 3287 1037 3365 εἷμφικίίεμνεε
1055 3296 1176 3369 apport-

68 3379 162 3447 ρωθεν
175 3375 367 3446 στηριζόμενον
382 3385 408 3429 et
422 3378 528 3430 brevior
541 3377 623 3428 forma
638 3373 784 3446 α’μφίκελσε
797 3368 883 3448 κλίνη,
900 3381 1070 3452 ἑκατέρωθεν
1082 3388 1174 3450 ἔχοντα

69 3457 287 3534 ιῖνακλιντήρισν,
306 3467 372 3531 quod
389 3480 522 3532 perperam
538 3464 704 3517 sollicitatur.
732 3466 829 3525 Similis
844 3483 971 3534 paragoge
989 3478 1031 3522 est
1048 3473 1173 3524 nominum

69 3551 224 3618 τέρεμνιαε,
241 3553 408 3616 στερέμνιεε,
426 3549 567 3621 petopeto.

141 3642 184 3705 ta)
203 3643 297 3695 Eodem
315 3655 421 3699 accentu
440 3650 505 3702 Eur.
524 3650 566 3702 El.
586 3647 663 3704 1077.
688 3646 714 3704 εἶ
728 3647 833 3730 paleati
854 3640 926 3724 Tpd’
941 3642 975 3721 ἦν
991 3648 1103 3724 εὖτυχῆ,
1126 3673 1170 3724 pro

67 3746 120 3796 ,quo
142 3738 245 3796 recepta
269 3738 309 3782 est
325 3732 468 3798 Musgravii
490 3738 631 3789 emendatio
651 3736 749 3807 Τροίαν
767 3732 876 3806 adrepet
895 3739 945 3790 non
971 3741 1106 3794 admodum
1128 3759 1168 3799 ne«

69 3817 192 3873 cessaria.
228 3814 292 3867 Nam
311 3833 392 3884 neque
410 3822 525 3887 enallage
543 3823 670 3874 modorum
691 3825 816 3876 inusitata
833 3824 883 3874 dici
901 3832 1001 3891 potest,
1029 3844 1109 3895 neque
1125 3828 1166 3877 ad·

66 3898 193 3964 jectivum
209 3892 309 3969 τρισίν,
327 3911 358 3954 ut
374 3903 499 3958 Matthiae
518 3909 621 3960 credere
639 3911 758 3971 videtur,
781 3901 908 3975 agenore
926 3920 1020 3964 neutro
1039 3916 1168 3966 abhorret.

68 3985 229 4127 lllegelocbpp
246 3977 358 4042 lartessd
376 3987 471 4077 γαλῆν
488 3989 544 4062 o‘po'i
562 3997 732 4063 pronunciare
749 3997 848 4072 voluit,
874 4013 939 4061 non,
960 4006 998 4099 pt
1015 4001 1092 4055 bodie
1108 4002 1170 4055 scri·

85 4071 192 4144 itur,y
229 4069 317 4143 q'v’-
373 4096 375 4099 ·

19 4376 115 4452 l...
