2506 4492
215 162 283 232 nn
308 161 495 231 nomer.
526 122 736 232 tuncnrt.
767 163 805 232 u.
826 164 865 233 v.
888 167 918 253 ε.
937 165 970 234 c.
1082 170 1155 243 nas

55 341 172 431 σοῆλιξ
191 341 425 434 Tzcthostb.
449 340 524 406 475.
555 338 666 429 crioilo&
687 343 728 408 ib.
752 341 826 410 527.
853 344 953 412 Sobol.
976 345 1103 415 Theocr.
1126 348 1152 416 Ι.

27 442 31 449 ’
54 445 111 511 44.
136 455 168 510 et
188 446 264 529 apud
285 444 468 528 antiquiores
488 442 697 531 πακαφῆλιε,
720 446 920 532 σακομιῆλιξ,
942 449 1058 536 λσῆλιξ,
1080 443 1167 536 quac

55 548 157 613 omnia
180 549 320 611 damnare
341 547 460 610 videtur
479 545 685 632 Phrynichus,
708 568 798 631 quum
818 543 942 636 ἀφῆλιξ
960 552 1061 636 rejicit
1078 554 1154 638 App.

36 663 86 737 'p.
103 649 135 714 3.
159 648 246 717 κατολ
264 643 436 736 σύγκρισιν
453 643 477 732 ἤ
492 645 575 725 λέξις
595 649 800 736 προφέρεται
819 651 876 719 καλ
897 657 935 719 ἐκ
955 649 1156 741 ὑπερθέσει·

54 757 89 820 οἱ
114 751 152 818 tt
178 746 438 836 ἀπολελυμένος
466 749 619 839 λέγοντες
644 746 782 838 οἷφῆλιξ,
814 745 992 841 ἀφήλικος,
1017 751 1158 842 duodi-

55 879 185 921 στατοι.
221 853 278 916 Sed
299 848 556 940 α’φηλικέσσερος
578 864 609 918 ct
628 849 921 943 ιλπερηλικέοτερος
939 855 1032 921 ΟοοΙΙ.
1050 856 1102 921 llI.
1121 856 1156 935 5,

55 955 110 1021 43.
138 955 176 1020 ad
196 950 312 1042 ἥλικος
337 955 446 1018 κολοιοί
467 966 610 1037 possunt,
641 958 725 1020 unde.
742 958 929 1023 declinantur
948 958 1075 1044 pluralia
1100 955 1158 1028 ἶσα

55 1059 114 1127 καλ
128 1055 226 1144 ἥλικα
239 1056 361 1141 Emped.
377 1077 409 1119 v.
425 1053 477 1120 59.
497 1052 540 1121 coi
556 1049 701 1143 ὁμήλικα
716 1059 782 1139 ζῶα
796 1060 934 1144 Apollon.
950 1059 1029 1125 Hist.
1042 1061 1155 1127 XVlll.

55 1158 100 1229 κοέ
122 1157 289 1246 παρήλικα
309 1157 402 1223 Anth.
425 1158 489 1221 Pal.
507 1156 577 1222 Xll.
602 1180 634 1222 n.
654 1159 729 1226 228.
752 1158 794 1228 col
818 1154 981 1248 σοκήλικα
1001 1174 1073 1237 τοῖς
1093 1156 1160 1232 πό-

55 1265 149 1330 λεσικ
170 1257 401 1350 ἁμαρτήματα
421 1258 507 1323 uem.
531 1281 561 1344 p.
586 1258 657 1324 Gor.
681 1259 762 1338 308,
784 1261 838 1329 29.
862 1266 1024 1330 secundum
1045 1265 1160 1331 liciskii

55 1366 253 1450 scripturam,
290 1356 454 1447 παιδάρια
481 1357 644 1448 σοκήλικα
673 1363 785 1429 Chron.
817 1364 922 1429 Pascb.
953 1387 983 1450 p.
1013 1367 1086 1434 122.
1118 1367 1156 1432 D.

56 1487 223 1553 quanquam
239 1465 335 1550 ipsum
353 1456 517 1550 α’ῳήλικος
534 1487 594 1528 non
612 1465 706 1550 magis
724 1466 855 1550 reperio,
874 1487 961 1551 quam
976 1469 1160 1535 contrarium

54 1566 184 1655 οἷκὴλιξ.
206 1564 429 1634 Ἐλικοέσαεοκ
443 1562 533 1654 ὕδωρ
550 1567 733 1642 Callimachi,
753 1570 829 1653 quod
844 1567 944 1632 Schol.
955 1569 1034 1633 Ven.
1044 1570 1090 1637 A.
1102 1568 1155 1635 98.

55 1672 167 1760 μέλασι
196 1671 428 1754 interpretatur,
461 1670 538 1734 alius
565 1680 664 1734 autem
692 1671 728 1732 ad
754 1669 844 1754 Sopb.
867 1669 917 1754 Aj.
941 1669 1016 1738 372.
1046 1671 1160 1737 rectius

56 1771 220 1858 ἑλικοειδῆ
241 1776 319 1861 ἔχον
340 1768 404 1857 κήκ
425 1771 541 1860 ῥεῦσαι
562 1776 609 1856 (ut
627 1769 742 1857 Νέδης
762 1765 955 1861 ἑλικόρροον
974 1769 1080 1864 ὕδωρ)
1101 1775 1159 1839 Lc-

55 1874 231 1960 xicograpbi
248 1874 326 1939 band
339 1874 450 1958 injuria
463 1875 646 1939 nominativo
662 1875 856 1939 douteroclito
871 1874 1044 1960 subjiciunt,
1060 1898 1161 1961 quam·

55 1979 105 2043 vis
134 1976 224 2041 nullis
249 1977 345 2041 adbuc
372 1978 518 2063 exemplis
546 1977 731 2042 confirmato.
776 1975 953 2045 Ceterarum
976 1976 1160 2044 terminatio-

57 2103 129 2145 num
151 2081 260 2165 gradum
281 2101 343 2145 non
364 2079 476 2166 reperi.
993 2098 996 2106 ·

567 2263 651 2352 86·
737 2270 739 2274 ‘

122 2385 250 2452 Nomina
270 2385 303 2450 in
322 2371 376 2474 op
393 2387 552 2452 terminata
568 2387 666 2451 Draco
684 2408 714 2472 p.
731 2383 785 2451 94.
805 2387 864 2451 trla
880 2389 995 2473 profert
1004 2379 1160 2476 ε·’Ἇραψ,

55 2489 202 2573 λαῖλαψ,
226 2483 356 2581 χόραψ,
385 2512 438 2575 pro
462 2511 518 2575 quo
540 2485 654 2581 χήραψ
676 2489 883 2567 scribendum,
912 2491 939 2553 si
962 2489 1078 2574 quidem
1099 2489 1161 2574 τῆς

56 2590 208 2685 χήραβος
228 2591 339 2656 Athon.
363 2590 415 2657 tlt.
439 2590 492 2656 86.
517 2593 552 2657 Β.
576 2592 652 2677 quod
675 2591 758 2655 codd.
782 2590 873 2675 aliqui
894 2590 1079 2675 praeferunt,
1103 2590 1161 2653 fidc

58 2699 181 2782 dignum
203 2694 340 2757 babetur.
383 2695 501 2760 Addere
522 2705 638 2780 poterat
657 2692 794 2783 θέραψ,
821 2694 910 2780 stup
936 2691 1084 2776 serpentis
1107 2712 1161 2754 no·

25 2851 28 2861 .
57 2793 333 2889 mempbut'npuqt
363 2795 436 2878 (nisi
463 2797 569 2861 vitium
595 2798 712 2884 subest)
738 2782 834 2870 ιλεσές
861 2795 992 2882 Hesycb.
1024 2791 1160 2882 Σκέροψ

58 2888 233 2986 Σκέραφος
253 2894 371 2987 κύριοι
391 2896 505 2965 Anncd.
529 2921 558 2984 p.
584 2899 678 2966 1198.
724 2900 759 2964 ln
779 2886 826 2985 ᾧ
847 2898 962 2962 nullum
983 2897 1177 2984 simplicium-

58 3005 144 3078 exit,
168 2986 272 3066 eornm
294 3000 410 3085 quidem
432 3021 507 3085 quae
529 3003 565 3066 ad
587 3015 719 3068 nostram
740 3021 907 3088 pervenero
928 2999 1082 3074 notitiam,
1107 2998 1160 3063 scd

47 3105 153 3170 'latino
181 3103 277 3188 adeps
304 3112 336 3167 ct
356 3102 497 3188 Hesycbii
519 3105 636 3189 glossae
659 3100 833 3173 Ἀλέπεσσι
861 3100 974 3168 στέατι
999 3100 1160 3187 vestigium

56 3206 173 3275 veteris
196 3204 372 3269 nominativi
392 3199 481 3291 σ’έλεψ
503 3208 568 3273 sivo
592 3202 677 3296 ἄλιψ
705 3207 815 3271 leviter
838 3205 1015 3287 impressum
1042 3202 1159 3287 baorct.

57 3313 125 3398 Εἰς
140 3294 196 3394 ᾖ
219 3301 281 3374 οὐκ
302 3310 394 3374 ἔστιν
415 3305 526 3395 εὑρεῖν
553 3304 607 3377 ὅτι
631 3307 682 3397 μή
705 3301 822 3396 κολληψ
847 3303 1043 3394 βαρύτοκοκ
1063 3303 1159 3371 Theo·

58 3422 160 3497 gnost.
184 3411 216 3473 in
237 3409 350 3472 Aneod.
377 3410 476 3474 Cram.
501 3411 539 3476 ll.
563 3409 617 3476 97.
640 3434 694 3497 pro
716 3434 775 3497 quc
795 3408 932 3496 σκώληψ
954 3408 1064 3473 vitiose
1078 3405 1159 3504 scr-i:

55 3515 139 3578 bitur
160 3512 269 3577 Aroad.
293 3507 354 3586 94,
376 3510 430 3575 24.
475 3512 625 3579 Accontus
648 3514 735 3599 hujus
756 3513 893 3580 vocabuli
915 3513 1050 3575 omnibns
1076 3509 1159 3594 inp

56 3616 240 3691 excuntibus
263 3612 427 3677 communis
449 3624 516 3694 σοις
547 3637 641 3700 genus
663 3616 835 3682 Eustatbius
857 3637 886 3699 p.
907 3613 1002 3690 1326,
1026 3610 1078 3676 53.
1102 3608 1159 3674 sibi

57 3710 197 3804 ignotum
218 3738 285 3782 osso
308 3717 432 3780 latetur.
476 3701 580 3804 4αῷ
606 3717 693 3803 plura
720 3721 772 3783 sed
801 3720 924 3782 desueta
953 3716 1016 3779 fore
1043 3709 1158 3794 subque

57 3808 369 3905 Hesychiocognita=
400 3810 505 3906 ’Ἀλιψ
526 3818 648 3906 πέτρα,
675 3823 751 3906 quod
773 3821 903 3906 Tonpius
923 3819 1019 3882 Emm.
1042 3813 1079 3876 Τ.
1103 3809 1156 3876 tv.

34 3908 38 3915 ⁶
58 3920 135 3985 183.
165 3918 278 3984 dirimit
298 3917 322 3987 oi
340 3919 403 4012 λίψ
409 3925 431 4005 ,'
452 3921 503 3986 alii
524 3922 703 4007 probabilius
730 3945 797 3988 cum
818 3944 911 4012 aequo
932 3920 1058 3984 obscuro
1082 3906 1158 3998 η’λέ-

56 4024 166 4111 βοιτοε
193 4033 392 4107 componunt,
428 4027 539 4116 ἔριπες
566 4022 680 4109 dul-oi,
709 4027 788 4120 έριψ
812 4019 1004 4113 nuptiator,
1031 4035 1156 4102 quorum

88 4140 198 4195 Loboclc
218 4125 340 4226 Parab'p'.
908 4123 950 4191 19
1040 4184 1044 4189 .
