2506 4492
97 164 147 233 uc
451 154 772 255 nrssnprurro
800 154 847 224 rr.

98 367 132 413 v.
146 340 249 411 llel'sk.
264 340 302 407 etl
316 338 475 409 Gcn'staut.
494 359 525 424 p.
539 335 615 405 256.
636 335 812 411 Schneider.
830 338 867 401 ad
880 334 1002 402 Vitruv.
1018 335 1056 402 Τ.
1070 336 1110 402 ll.
1125 338 1193 406 177.-

100 437 468 533 ὄκλαδυορόῖμπέλους,
497 431 723 515 οἷκλαόοότους
747 442 883 515 Αἰολεῖς
910 439 1042 526 Hesycb.
1081 435 1197 532 mutu.

99 540 253 635 ἐπομβός
264 542 321 635 ¹⁵),
343 530 481 635 tuimur
499 547 585 638 Ιἔνιοι
602 540 663 611 τόν
680 537 800 631 ἄγριον
817 538 911 632 κριόν
929 542 1060 629 Hesych.
1086 539 1198 634 όροβό-

98 648 168 737 δμν
188 646 321 737 νεβρόν
341 646 442 727 Ιό.’ς1ο
463 668 519 732 quo
540 667 652 731 genere
674 644 815 710 alnotuii
837 647 872 709 ad
890 645 1005 732 Phryn.
1025 667 1055 730 p.
1072 645 1148 712 616.
1159 648 1200 732 ισ)

97 752 215 837 aliaque
241 750 274 813 in
295 750 425 839 Dissert.
449 749 502 829 Ill.
528 749 563 813 C.
586 749 639 812 Ill.
667 748 696 830 ἕ.
722 746 752 811 1.
782 746 890 824 allatu,
923 768 1048 832 quorum
1074 751 1200 814 omnium

20 880 35 907 ε
99 853 245 939 simplicia
269 870 331 915 nou
344 856 471 937 ,ep-tant.
518 851 652 936 Simplex
679 841 740 924 κοῖς
769 849 876 937 δέρμα
903 850 1035 936 Hesycb.
1053 856 1104 935 Π)
1129 853 1201 916 haul
1244 894 1247 945 p

100 956 187 1023 lubic
213 977 232 1019 a
255 955 349 1021 verbo
370 953 641 1040 -brccbyparclecto
668 947 756 1019 σκόω
781 954 912 1049 ductupr
934 963 999 1034 est,
1036 953 1085 1016 cui
1111 955 1202 1019 affinia
1244 952 1247 1021 l

99 1070 171 1124 sunt
193 1052 308 1137 οττοέω,
333 1044 481 1133 σκόλλω,
506 1054 633 1122 σκῦλον
653 1056 801 1142 spclicmc,
833 1047 955 1121 σπόλια
976 1053 1020 1121 τοὶ
1041 1058 1203 1142 παρυτολ-
1243 1026 1247 1117 ¹

98 1158 228 1248 λόμονα
256 1162 329 1243 ἔρια
356 1156 491 1244 Hesych.
520 1150 650 1232 σκότος
677 1157 802 1243 δέρμα,
833 1148 953 1231 σκότος
978 1157 1021 1221 lu.
1054 1151 1203 1229 κόσκυνσ

99 1259 304 1347 κασσόματοο
325 1258 367 1322 Id.
401 1257 547 1346 οπατίλη
569 1271 601 1323 et
622 1258 769 1346 παστίλη
797 1253 921 1345 κόπρος
948 1261 1005 1327 καὶ
1026 1254 1203 1349 οἷπόξυσμο

99 1364 170 1432 τόν
198 1359 376 1451 δερμάτων
404 1361 486 1425 Suid.
515 1362 614 1427 Schol.
638 1362 716 1426 Ven.
746 1362 783 1426 cl
810 1362 905 1426 Arist.
936 1363 1006 1427 Pac.
1036 1363 1094 1429 42.
1125 1363 1204 1451 (18.)

101 1466 256 1552 ipsumque
280 1464 385 1552 σκῶρ,
415 1465 500 1547 cujus
522 1463 633 1548 obliqui
660 1463 723 1530 ccci
745 1459 864 1538 σκατός
893 1475 924 1529 et
949 1464 996 1552 cpi
1024 1464 1125 1533 οκατλ
1151 1467 1204 1533 orti

101 1579 174 1634 eunt
195 1569 232 1631 ab
253 1567 388 1631 obsoleto
410 1560 508 1648 cubic,
530 1568 608 1631 unde
631 1561 844 1654 σκατοφάγος
865 1578 897 1631 et
916 1558 1161 1636 recunduntor
1178 1568 1205 1633 it

101 1681 149 1737 est
168 1663 396 1738 νεοκάττυτον
417 1668 529 1734 Athen.
549 1668 634 1732 XlV.
654 1667 729 1734 622.
745 1669 784 1732 Α.
808 1669 894 1732 brevi
916 1680 1075 1754 utrumque
1097 1670 1202 1749 vocali,
1242 1710 1247 1779 p

100 1784 186 1839 utet
205 1776 329 1860 ἔγκατα
348 1772 496 1853 (laconice
515 1773 650 1858 ἕννυτο)
672 1771 790 1833 viscera
809 1771 870 1833 cuti
888 1773 1033 1857 subjecte,
1056 1776 1203 1837 intercur.

100 1874 256 1941 Postremo
285 1874 335 1958 q'ui
358 1874 442 1936 latini
465 1873 596 1937 nominis
618 1882 754 1936 scortum
779 1872 965 1937 intellectum
990 1874 1139 1959 duplicem
1161 1897 1204 1941 re-

101 1978 271 2063 putaverit,
306 1995 367 2038 non
394 1974 695 2038 dubitabit-indidem
721 1985 862 2060 repetere
890 1997 998 2060 graeca
1026 1969 1153 2052 κόσσος
1178 1987 1205 2043 et

100 2072 202 2145 κόσα.
243 2076 389 2141 Arcadius
411 2100 440 2161 p.
466 2074 526 2152 76,
550 2075 602 2141 16.
633 2067 758 2149 κόσσος
778 2070 848 2143 οἷπό
870 2078 932 2144 τοῦ
954 2073 1057 2153 κότος
1079 2077 1205 2167 γίνεται

101 2175 188 2246 κοντοὶ
209 2176 428 2263 πλεονασμόν
449 2165 563 2271 τρῦσ.
595 2173 694 2248 Ἐστι
714 2177 750 2244 δὲ
772 2178 860 2254 εἶδος
881 2178 1037 2266 ἱματίου,
1068 2184 1145 2266 qued
1165 2183 1204 2247 la·

101 2282 177 2357 tine,
200 2292 284 2366 puto,
307 2291 425 2345 scortea
444 2282 564 2360 dicitur,
586 2282 660 2347 elias
683 2279 822 2371 σι’συροο·
850 2283 1007 2367 prostibuli
1028 2305 1140 2350 nomen
1162 2294 1204 2350 est

100 2378 206 2466 κολσα,
228 2375 440 2467 κατοίκοισσοο,
469 2395 501 2449 et
521 2406 670 2471 paragoge
691 2382 854 2474 κοιοωρίς,
879 2376 1051 2473 καοαόροκ,
1079 2388 1155 2453 illul
1174 2398 1203 2453 ut

171 2658 216 2723 15)
231 2655 350 2729 'Emptclc
364 2659 536 2711 Scb01.Pind.
554 2660 583 2711 P.
597 2659 640 2713 IV.
656 2660 716 2716 ult.
738 2659 848 2713 fortasse
866 2661 953 2712 fictum
972 2662 1004 2713 ad
1022 2663 1203 2731 explanandum
1242 2692 1247 2747 p

102 2759 192 2795 nomen
210 2739 323 2813 ἕπλβόα.
352 2739 480 2812 Κεραμόο
496 2744 557 2810 (sic)
574 2746 661 2813 Etym.
680 2744 747 2796 Gud.
767 2747 832 2806 315,
853 2748 895 2800 11.
915 2748 1011 2799 rectius
1029 2750 1055 2800 in
1075 2749 1139 2802 [σοι.
1152 2748 1202 2801 tls.

102 2828 214 2880 Albertii
232 2829 264 2878 ad
281 2827 391 2909 llpsycb.
417 2842 439 2878 s.
458 2832 569 2893 Κέρατσ
587 2830 711 2880 scribitur
730 2828 888 2900 κεροβότηκ.
923 2830 1053 2904 Ὀκρλβαο
1069 2840 1202 2907 perexpte-

103 2930 163 2966 num
182 2922 210 2966 et
226 2930 272 2981 per
288 2933 321 2967 υτ
338 2911 492 2965 όοοΙίοοῑυυι
509 2930 557 2965 non
573 2916 654 2980 mugis
669 2917 718 2966 buc
733 2916 846 2981 pertinet
858 2933 934 2984 quam
950 2917 1087 2988 κιλλίβαο,
1101 2919 1202 2985 ducac
1245 2934 1247 2943 '

101 2991 234 3071 λυκᾶβατ,
253 3015 360 3067 quorum
378 2998 449 3064 erige
466 3001 528 3051 solis
546 3008 607 3051 notu
625 3009 665 3051 est
680 2999 860 3053 Grammaticis
875 3005 1015 3072 symbolice
1030 3006 1125 3058 doctis.
1150 3011 1203 3060 Μι-

102 3088 240 3156 μορκοβίσ
257 3082 321 3142 ναός
337 3082 366 3138 ἓν
383 3076 405 3158 ᾗ
420 3081 566 3156 ἅνθρωποι
582 3083 716 3154 acptum
733 3086 844 3155 Hesycb.
863 3088 972 3141 fortasse
990 3090 1022 3141 cle
1040 3093 1133 3160 cpmbu
1150 3094 1202 3143 ebt·

102 3171 191 3232 ronie,
211 3187 227 3222 u
243 3174 296 3242 βίοι
314 3187 359 3240 cc,
378 3172 445 3224 uncle
461 3174 561 3243 βλομαι
578 3172 634 3223 slve
647 3175 759 3242 βείομαι
775 3175 929 3226 homericum
947 3191 1005 3227 curn
1019 3177 1202 3241 significatione

103 3255 187 3308 futuri
205 3266 236 3308 ut
252 3263 363 3324 πίομαι.

104 3354 105 3358 ’
172 3341 216 3409 lb)
234 3341 262 3393 In
276 3343 429 3411 Antipbunis
444 3345 574 3406 versibus,
591 3361 655 3413 ques
669 3345 781 3397 tractavi
796 3347 828 3397 etl
840 3342 936 3416 Pbrpu.
952 3359 977 3414 p.
993 3346 1052 3401 637.
1071 3345 1137 3419 βοός
1147 3344 1203 3419 α’μ-

102 3423 193 3492 laice,
213 3418 312 3498 τρόγστ
328 3424 465 3501 titudine,
491 3427 538 3492 αἲξ
553 3425 679 3501 οὐρανία,
702 3448 769 3482 nunc
786 3431 903 3498 praefero
918 3424 1052 3503 ἡλιβότησ
1071 3441 1102 3485 ut
1120 3433 1199 3487 Scbcl.

103 3509 169 3563 Veu.
190 3519 222 3566 0.
240 3513 301 3571 273.
327 3508 342 3567 ό
363 3515 487 3586 cl'ycypcc
507 3513 563 3569 τῶν
584 3512 785 3586 ἤλιβατοόντυν
807 3517 878 3571 ἐστι’·
912 3526 938 3570 et
961 3521 1029 3585 apud
1051 3520 1202 3575 Anaxibium

102 3592 164 3652 τοόο
180 3600 233 3667 μὲν
251 3591 406 3667 ὀρεινόμους
428 3596 535 3670 ποιήσει
554 3598 685 3670 δέλφακας
703 3593 861 3673 χιληβόταο,
886 3605 918 3655 ud
936 3606 1080 3671 exemplum
1098 3604 1200 3659 boneri-

103 3699 160 3743 cum
177 3682 221 3738 cic
237 3679 402 3754 ληΐβότοιρα.
439 3686 571 3755 Lycepbrc
591 3687 651 3740 677.
676 3690 757 3740 socios
775 3688 873 3750 Ulixis,
900 3690 1041 3757 dequibus
1063 3692 1108 3743 ille
1127 3692 1200 3760 loqui-

104 3778 164 3832 tur,
189 3767 254 3836 χιλῷ
273 3778 406 3821 vescentes
424 3772 532 3823 inducit.

172 3855 217 3922 ll)
235 3856 308 3922 Quod
326 3857 445 3924 sequitur
460 3856 591 3928 Κασπέλῃ
609 3854 744 3926 bruccia,
761 3862 800 3911 sic
813 3860 939 3926 corrigam
955 3858 1071 3934 καοτίλῃ
1084 3858 1202 3935 στορνόρ,

104 3926 218 3992 ‹lericrim
240 3943 305 3992 illud
328 3958 373 4011 pro
395 3941 579 4015 uatccclllp,
604 3952 633 3995 ut
655 3941 802 4014 κόστρυμα
824 3963 871 4013 pro
890 3944 1088 4017 κατάστρωμα,
1115 3939 1203 4002 κόσου

104 4041 149 4092 pro
166 4018 263 4084 κόθεν.
294 4027 440 4100 Κοοαρνεῒε
456 4023 547 4085 civicas
562 4021 696 4088 Λάκωνος
712 4033 790 4084 scrib.
809 4030 936 4090 καοόνοιο
952 4034 984 4085 ab
1001 4026 1073 4100 ἕνα,
1089 4029 1174 4089 οἶνόν.
