2506 4492
254 182 314 248 nu
343 179 506 249 uouuv.
535 119 708 249 nouos.
739 181 777 247 ο.
798 180 823 247 ι.
853 183 883 267 5.
906 182 959 249 11.
1105 183 1170 251 ιιι

57 361 227 430 earundem
256 362 419 427 literarum
440 361 474 425 iu
502 381 565 424 una
588 358 704 445 syllaba
725 360 964 447 comprehensio.
1007 359 1084 427 Nam
1109 356 1172 441 εἷλε

56 466 149 543 illud,
183 466 261 529 uude
282 465 486 529 accusativum
509 456 597 530 ὦλκα
618 476 794 544 arcessunt,
825 487 886 529 nou
908 476 995 529 extat
1015 466 1074 529 uisi
1095 467 1172 551 apud

57 567 280 633 Grammaticos
297 568 455 642 doctores3
480 566 664 630 Philoxenus
688 570 725 632 ἐν
742 566 787 654 τῷ
802 567 881 656 περὶ
899 565 1172 656 μονοσυλλοὲβον

58 693 110 756 ap.
127 671 233 734 Orion.
249 693 279 755 p.
301 668 375 744 120,
398 668 452 733 11.
476 663 537 758 ὂψ,
559 669 667 754 iuquit,
691 668 784 755 παραὶ
806 667 868 736 τὸν
889 673 958 754 ἕψω
981 671 1173 756 μέλλοντα·

49 771 106 848 ‘cic
135 770 205 840 α’τιὸ
233 771 296 838 τοῦ
327 773 406 848 ἕλξω
437 772 490 847 ἑλξ
520 771 577 837 col
604 774 715 863 τροπῇ
743 768 799 848 iil}
821 773 879 839 καὶ
900 765 1075 840 conculco
1096 770 1171 855 ὥλξ,

59 877 140 962 quod
162 878 190 940 si
211 876 253 939 ita
276 885 368 949 esset,
393 867 455 948 ὤλξ
477 874 566 937 scribi
589 875 722 951 deberet,
749 885 783 939 ut
804 875 915 960 legitur
935 897 983 961 ap.
1010 876 1170 960 Theogno·
1227 928 1243 957 ,

58 991 142 1045 stum
164 1001 195 1063 p.
211 976 285 1043 132.
309 977 362 1040 sed
383 976 578 1039 Grammatici
599 976 692 1060 vulgo
715 978 951 1042 circumflectunt
972 989 1006 1042 ut
1027 998 1069 1041 ex
1090 971 1172 1054 σ’ἱλοξ

58 1091 250 1145 contractum
274 1101 340 1143 cum
362 1079 559 1142 translatione
582 1080 822 1156 consonantium,
847 1091 881 1144 ut
893 1092 1002 1144 neutra
1021 1074 1074 1168 ἦρ,
1096 1078 1171 1166 κῆρ,

58 1177 108 1268 cip
141 1183 281 1247 Eustath.
311 1203 341 1266 p.
367 1180 443 1257 573,
474 1179 636 1258 29..956‚
666 1180 699 1246 9.
734 1183 866 1247 Philemo
897 1183 924 1266 ἓ.
948 1181 1024 1248 312.
1069 1181 1171 1266 ltaque

56 1285 192 1351 Arcadio
214 1305 242 1369 p.
264 1282 339 1360 126,
364 1283 396 1349 5.
421 1294 453 1347 et
474 1284 674 1347 Grammatico
700 1284 732 1347 in
752 1286 867 1349 Anectl.
891 1285 1014 1349 Barocc.
1038 1305 1068 1368 p.
1091 1281 1169 1348 418.

58 1384 128 1464 ὅλξ1
152 1398 184 1451 et
211 1381 273 1461 ὦλξ
302 1387 432 1471 relinqui
460 1396 586 1471 possunt
613 1396 647 1449 ul
675 1387 794 1450 scholae
823 1388 959 1451 inventa.
997 1423 1040 1434 -
1069 1372 1172 1473 lup}

59 1500 181 1555 exeunt
206 1487 304 1577 σάρξ,
343 1511 397 1575 pro
434 1509 491 1573 quo
523 1487 633 1551 Aeoles
663 1484 742 1573 σύρξ
769 1491 913 1553 dixerunt
946 1484 1172 1575 ἐτυμώτερον,

59 1588 159 1679 παραὶ
189 1588 227 1656 τὸ
258 1588 346 1678 oripo
378 1584 503 1676 ουρξω,
529 1600 564 1652 ut
591 1589 633 1652 ait
656 1590 756 1675 Etym.
780 1593 821 1655 M.
847 1590 921 1670 708,
945 1590 998 1659 31.
1028 1592 1081 1654 sel
1103 1592 1170 1675 quis

62 1693 275 1778 subsignabit‘l
301 1706 332 1759 et
353 1687 428 1779 ὃόρξ
450 1695 514 1757 sive
537 1685 617 1777 ζόρξ,
640 1694 715 1776 quod
736 1695 769 1757 in
790 1693 904 1757 Anecd.
928 1694 998 1756 Bur.
1023 1693 1046 1756 1.
1065 1715 1093 1758 c.
1119 1705 1170 1758 re·

59 1797 133 1882 poni
162 1797 249 1859 debet
276 1817 329 1881 pro
356 1792 448 1884 βόρξ.
494 1795 607 1858 Prioris
637 1795 838 1860 nominativus
867 1795 1080 1859 usitatissimus
1110 1805 1171 1872 est,

61 1897 191 1963 alterius
216 1899 345 1985 fortasse
367 1899 443 1982 apud
464 1897 545 1962 solos
568 1896 680 1980 legitur
701 1896 929 1962 Grammaticos.
974 1897 1078 1980 Neque
1092 1893 1175 1983 νάρξ

61 2011 151 2065 extat
180 2002 232 2065 sed
261 2000 450 2064 accusativus
477 1993 588 2085 νάρκα
615 2001 691 2084 apud
720 2001 902 2085 Oppianum,
934 2012 965 2064 et
986 1999 1113 2084 pluralia
1133 2001 1171 2063 ab

62 2103 215 2190 llesychio
235 2102 333 2166 relata
356 2099 485 2191 Φάρνος
505 2100 642 2174 νεοσσοί
663 2123 698 2166 ac
719 2097 844 2192 Φόριιες
865 2103 998 2189 (furcae)
1019 2098 1172 2193 χάραττε.

564 2292 594 2374 ι.
619 2289 672 2354 ιι.

149 2427 293 2512 Superest
314 2426 402 2491 litera
422 2412 457 2514 p
475 2427 584 2492 ceteris
605 2425 930 2511 paullo'abundantior.
974 2425 1051 2491 Nam
1067 2425 1091 2512 ἦ
1106 2424 1175 2510 ζοὶψ

62 2529 247 2605 aSimmia,
276 2529 467 2614 Euphorione
490 2530 616 2611 aliisque
638 2528 799 2590 verborum
822 2528 998 2591 oblivionum
1020 2529 1174 2591 venatori-

61 2635 120 2697 bus
148 2642 321 2714 usurpatum
351 2643 398 2695 est
426 2653 458 2694 v.
481 2630 615 2693 Meinek.
647 2630 683 2692 ad
705 2628 800 2713 Euph.
818 2650 860 2713 ¹p.
886 2627 939 2693 57.
970 2628 1064 2713 Aglao
1085 2629 1115 2692 h.
1139 2649 1171 2713 p.

66 2732 223 2818 1184.⁴0)
249 2743 280 2796 et
301 2733 332 2795 in
356 2733 504 2796 communi
527 2753 584 2796 usu
605 2731 733 2817 positum
756 2723 847 2819 φάψ,
871 2753 996 2816 quorum
1012 2652 1177 2817 prih'coic‘

62 2837 207 2926 ζέουσαν
237 2834 408 2918 significare
437 2835 602 2911 creditum,
634 2835 762 2898 alterum
794 2856 860 2898 cum
891 2834 983 2922 φὲβω
1015 2844 1175 2919 cognatum

45 2936 186 3002 *videtur
209 2930 320 3024 (φάβα
344 2931 450 3024 φόβος
473 2936 622 3024 Hesych.)
645 2947 678 3000 ut
700 2958 892 3023 synonynum
913 2932 1047 3023 τρήρων
1074 2937 1174 3000 idest

61 3040 171 3123 pavida
193 3059 260 3102 cum
282 3037 378 3126 τρέω.
424 3037 527 3102 Adhuc
555 3038 748 3102 Grammatici
774 3040 891 3103 turbam
919 3039 1091 3124 ignotorum
1119 3058 1174 3103 vo-

63 3141 240 3204 cabulorum
271 3140 429 3216 concient3
470 3140 564 3225 Regg.
589 3142 675 3205 Pros.
708 3139 748 3205 N.
772 3138 827 3216 67,
855 3139 931 3205 436.
961 3146 999 3208 ἒν
1027 3153 1100 3216 τοῖς
1127 3143 1176 3215 εἷς

62 3229 120 3330 α-ιυ
139 3234 414 3329 μονοσυλλοῖβοις
444 3238 483 3308 τὸ
513 3237 605 3330 <lpum
627 3240 810 3309 ἐκτείνεται
833 3238 918 3330 παρ’
938 3237 1178 3331 Ἀριστοφάνει

63 3345 254 3432 (Diodorfius
284 3344 398 3430 omisit)
426 3344 484 3411 ναὶ
511 3342 551 3409 τὸ
579 3339 651 3434 lup
679 3343 773 3433 παραὶ
811 3344 1056 3434 Ταραντίνοις,
1090 3344 1113 3434 ἦ
1139 3344 1177 3413 ht

61 3443 159 3537 γροὶψ
186 3446 244 3514 καὶ
272 3439 350 3534 φοῖψ
378 3444 517 3536 θηλυκῷ
552 3445 642 3534 γένει
671 3446 921 3515 συστέλλουσιν.
965 3449 1111 3514 Arcadius
1142 3470 1173 3536 p.

65 3620 278 3633 m

145 3727 193 3795 tt)
214 3727 252 3779 De
271 3727 391 3779 Simmiae
405 3743 483 3780 versu
499 3727 579 3780 clem.
597 3727 691 3781 Strom.
708 3727 740 3782 V.
758 3727 818 3782 674.
836 3723 1031 3798 οἷμασιγνὴτυν
1046 3737 1093 3784 καὶ
1112 3725 1179 3784 Τελ-

72 3818 156 3882 χίνων
174 3815 221 3884 {ipo
239 3809 257 3881 ἦ
274 3809 357 3882 chono)
376 3805 432 3883 ζάψ
451 3831 528 3882 quum
546 3813 601 3865 fere
616 3815 778 3882 desperatum
796 3815 840 3877 sit,
859 3817 1001 3885 periculum
1016 3814 1107 3866 faciam
1121 3823 1178 3866 teu·

74 3916 150 3967 quam
167 3901 194 3950 in
214 3898 296 3951 Care:
316 3898 542 3968 μνάμοναι,(εἰιιο
555 3896 688 3969 μνοῖμουι)
701 3895 829 3973 Ἰγνὴτοιν
841 3892 968 3966 rotnasce
981 3893 1081 3969 ἄριστ’
1095 3896 1180 3968 dionei
1222 3968 1224 3972 μ

72 3984 140 4057 {tipo
178 3986 221 4038 Sic
238 3986 306 4036 enim
323 3985 391 4036 fama
409 3985 470 4048 fert,
489 3986 626 4039 Telchines
643 3988 720 4039 undis
738 3989 843 4041 haustos
864 4001 930 4039 esse.
967 3986 1076 4038 Eosdem
1094 3992 1179 4039 tanen

71 4073 120 4125 alii
137 4080 255 4147 posteros
273 4071 388 4136 lguetum
405 4071 486 4125 luisse
503 4073 679 4141 prodiderunt.
