2506 4492
94 161 165 232 400
269 146 278 166 '
451 154 769 238 btssnttunuto
798 156 843 234 ll.

92 344 192 428 προΐξ
213 333 399 403 contraitum
420 347 478 402 est.
522 336 698 403 Eustathins
718 361 749 425 p.
772 338 848 416 321,
872 336 926 403 44.
958 334 1030 416 oeta
1051 332 1123 406 οἷπδ
1142 339 1197 407 τοῦ

94 441 210 531 στείχω
240 438 295 506 διδ
324 433 480 529 διχρόνοο
506 432 767 528 παραγόμενον,
797 442 870 508 ἐπεὶ
891 436 1138 528 γογδὲνδνογια
1157 445 1197 517 εἰς

94 544 288 632 δίφθογγον
309 534 401 630 λήγει
424 539 512 628 praed
535 542 656 610 διπλοῦ
678 540 837 625 οἷπαθῶς,
868 541 918 611 διδ
939 544 997 611 καὶ
1017 541 1041 630 ἦ
1061 543 1125 630 τῆς
1143 567 1199 632 γν-

93 643 209 720 ναίκὸς
233 641 354 739 εὐθεῖα
377 643 559 733 σεσίγηται,
580 643 604 732 ἦ
625 645 661 712 δέ
681 671 720 735 γε
739 654 839 733 προῖξ
860 648 933 731 (sie)
955 647 1012 714 καὶ
1028 644 1052 733 ἦ
1070 649 1124 726 αἲξ
1137 643 1199 714 dot
1240 652 1243 663 '

96 748 317 835 συναιρέσεως
342 752 408 838 ἔχει
428 748 489 822 τοὶς
511 740 730 836 διφθόγγοσς.
773 748 877 833 Neque
891 770 1052 835 pannorum
1068 761 1117 814 est
1134 749 1199 814 haee

95 853 196 938 opinio
226 852 278 916 sed
300 851 365 915 fere
386 852 419 915 in
440 851 548 934 vulgus
569 863 707 935 recepta,
737 851 836 939 προίξ
857 854 987 916 indidem
1009 854 1200 937 compositum

95 942 176 1036 eser,
200 955 277 1018 unde
299 958 507 1042 προΐσοογιαι
528 952 696 1038 elaripsque
724 976 810 1038 quam
839 955 965 1018 latinum
988 977 1098 1040 pren,
1128 956 1201 1026 unde

95 1057 221 1122 oriunda
250 1067 322 1120 sunt
349 1077 467 1141 pronus
497 1067 528 1119 et
550 1076 694 1140 γινοοσπ,
732 1057 857 1141 originis
893 1072 995 1122 notam
1030 1058 1198 1121 ostendere.

95 1159 154 1224 sat
175 1161 211 1223 ab
233 1158 290 1222 boe
311 1156 444 1222 absoluto
467 1159 496 1235 ἴξ
517 1157 583 1223 sive
606 1157 667 1236 ἵξις
692 1162 885 1244 compositum
907 1166 1004 1246 προΐξ
1024 1171 1128 1226 utrum
1143 1181 1201 1224 ser·

95 1255 158 1328 vet'
169 1270 324 1325 accentum
349 1260 490 1345 simpliois
516 1280 556 1322 an
577 1260 712 1325 retrabat
739 1284 774 1326 ao
802 1264 925 1348 proinde
951 1261 1051 1350 προίξ
1073 1264 1202 1327 seriben-

94 1364 162 1427 dum
190 1364 231 1427 sit
256 1385 294 1427 an
324 1368 432 1451 προῖξ,
463 1364 565 1426 eadem
591 1375 643 1427 est
661 1365 809 1447 quaestio,
839 1387 915 1448 quae
945 1367 981 1428 de
1009 1361 1155 1452 διοὶσφαξ
1175 1375 1202 1428 et

47 1485 50 1489 ’
94 1459 238 1553 διασφάξ
260 1467 453 1549 omnibusque
475 1465 616 1530 similiter
637 1467 808 1550 compositis
830 1469 972 1552 agitatur.
1014 1468 1202 1553 Properispa·

94 1569 137 1634 sis
164 1569 327 1635 accusativi
348 1581 486 1654 προῖκα,
517 1590 604 1652 quem
635 1574 668 1635 οἱ
691 1564 811 1644 Ἴωνες
842 1569 1052 1657 διαιροῦντες
1079 1562 1200 1657 πρόὶιιο

92 1672 227 1762 λέγουσι
248 1672 350 1758 Etym.
368 1672 416 1735 M.
446 1670 522 1747 495,
554 1670 607 1737 32.
639 1672 751 1736 nullius
781 1673 907 1736 babetur
933 1674 969 1736 ad
999 1673 1202 1758 probationem

93 1775 256 1852 momenti3
285 1797 353 1840 nam
375 1776 454 1839 idem
477 1785 524 1838 est
545 1786 686 1839 accentus
706 1775 945 1839 aecusativornm
959 1774 1110 1863 βεβῶτα,
1131 1797 1203 1861 κερ-

93 1877 212 1970 χνῇδα,
234 1878 350 1965 νλᾷδα,
375 1877 495 1964 πρῶνα
519 1887 578 1940 ete.
602 1896 677 1959 quae
701 1898 788 1940 nemo
810 1879 854 1941 sie
873 1889 906 1941 ut
922 1878 1101 1964 Bernhardy
1118 1877 1203 1943 seivit

92 1982 130 2046 ad
152 1982 242 2046 Dion.
266 2001 296 2064 p.
311 1978 386 2043 808.
411 1979 544 2042 seribere
565 1979 696 2042 animum
719 1979 852 2078 inducet.

185 2079 239 2149 Tol
267 2085 315 2156 εἰς
348 2087 390 2159 αξ
420 2076 561 2150 ἅπαντα
588 2079 641 2148 διδ
670 2081 732 2147 τοῦ
764 2108 788 2147 ω
816 2075 999 2170 γράφεται,
1027 2080 1121 2171 πλήν
1142 2082 1201 2150 τοῦ

93 2177 175 2274 φλόξ
195 2186 297 2270 Etym.
323 2183 399 2247 Gud.
424 2182 498 2259 554,
529 2180 582 2247 58.
613 2185 663 2248 ubi
693 2184 807 2248 excidit
833 2186 890 2252 uel
916 2187 979 2254 τοῦ
1000 2179 1102 2275 πρόξ,
1128 2188 1201 2272 qnod

92 2287 294 2353 Grammatico
316 2285 451 2371 ignotum
474 2308 541 2351 esso
563 2307 623 2350 non
645 2288 751 2370 potuit,
777 2309 873 2371 neque
895 2291 1147 2372 praetermittitur
1167 2290 1200 2354 ab

91 2390 261 2456 Herodiano
283 2410 330 2474 ap.
347 2390 534 2454 Eustathinm
556 2412 586 2475 p.
605 2388 700 2466 1922,
723 2387 755 2454 8.
781 2389 978 2469 σπανίζεται
999 2391 1042 2460 τοὶ
1064 2391 1120 2459 διοὶ
1142 2391 1201 2459 τοῦ

91 2478 129 2576 og
150 2487 248 2581 φλόξ,
281 2489 381 2581 πρὸξ,
412 2494 516 2576 quibus
538 2492 746 2577 Theognostns
768 2492 806 2556 ll.
830 2492 884 2559 40.
909 2495 990 2557 addit
1016 2487 1112 2582 ιιρόξ,
1142 2498 1200 2559 for·

93 2607 175 2662 tasse
197 2596 347 2682 Hesychio
369 2617 441 2660 usus
463 2607 586 2660 auctore
615 2591 708 2682 Κρόξ
728 2593 861 2680 κρόκος,
890 2596 940 2661 vel
967 2597 1035 2682 quia
1056 2598 1200 2663 Hesiodus

92 2694 198 2784 κρόκα
224 2700 301 2762 dixit
323 2719 376 2780 pro
401 2691 538 2783 κρόκην,
561 2696 718 2780 Antipater
735 2698 843 2761 Thess.
867 2691 981 2784 νρόιες
1002 2722 1056 2785 pro
1076 2693 1200 2787 ιιρόκαι.

91 2801 283 2866 Nominativo
305 2792 388 2885 πρόξ
418 2799 466 2862 usi
493 2807 564 2860 sunt
590 2798 772 2871 Aristoteles,
791 2801 826 2864 de
854 2800 935 2865 Part.
964 2803 1065 2868 Anim.
1091 2804 1201 2885 1v22.

91 2924 121 2988 p.
145 2899 222 2980 076,
244 2901 299 2968 27.
326 2901 405 2964 Hist.
428 2900 529 2963 Anim.
554 2899 592 2962 ll.
619 2899 670 2963 15.
694 2922 723 2985 p.
741 2900 815 2978 506,
838 2902 893 2968 22.
916 2902 1018 2969 Sohol.
1042 2905 1143 2990 Apoll.
1161 2907 1197 2970 ll.

90 3004 167 3073 279.
192 3004 297 3069 Snidas
320 3024 347 3068 s.
372 3002 402 3065 b.
427 3024 459 3066 v.
485 3014 564 3067 ets.
589 2995 725 3089 Πρόνα,
753 3004 835 3069 nulla
866 3029 932 3071 oum
963 3009 1086 3092 generis
1116 3019 1199 3072 nota·

90 3107 194 3186 tione;
230 3129 283 3192 pro
313 3107 369 3172 boo
398 3108 487 3171 etiam
510 3103 608 3192 προίξ
629 3107 686 3171 diei
708 3117 837 3189 testatur
853 3110 955 3195 Etym.
976 3111 1019 3174 M.
1044 3109 1123 3188 089,
1146 3109 1196 3176 15.

91 3209 169 3294 quod
190 3208 223 3273 in
245 3210 408 3295 composito
429 3206 688 3296 Προικόννησος
710 3222 831 3294 apparet
851 3233 882 3277 v.
901 3212 1038 3277 Wessel.
1056 3198 1099 3277 *ad
1112 3215 1197 3279 Diod.

91 3310 177 3376 Xlll.
202 3309 256 3377 49.
281 3313 428 3399 lirueger.
453 3314 490 3379 ad
510 3314 636 3399 Dionys.
662 3315 698 3378 de
719 3315 814 3380 Tbuo.
838 3337 868 3400 p.
888 3313 941 3379 69.
966 3316 1144 3403 Bernhardy
1163 3317 1200 3381 ad

89 3413 180 3481 Dion.
211 3437 240 3500 p.
260 3414 345 3482 923.
396 3416 475 3480 <Cum
509 3416 684 3500 metaplasto
715 3413 835 3505 ιιρόιια,
870 3412 1001 3504 κρόκες,
1037 3421 1200 3483 maximam

91 3515 315 3583 similitudinem
336 3519 425 3583 habet
446 3511 547 3592 πόκες
567 3519 663 3583 Arist.
676 3520 772 3584 Rann.
795 3519 868 3586 186.
891 3519 942 3594 τίς
961 3526 1009 3594 εἰς
1034 3519 1073 3587 τδ
1089 3515 1199 3608 λήθης

91 3617 211 3688 πεδίον
230 3618 254 3706 ἢ
277 3625 323 3695 εἰς
345 3616 428 3688 ὅνοιι
441 3614 560 3702 πόκος,
573 3643 657 3706 ροσε
672 3645 797 3707 graeens
810 3625 959 3708 interpres
975 3625 1017 3687 ita
1038 3625 1196 3689 edisserit:

92 3720 250 3810 φαίνεται
270 3724 496 3812 παροιμιῶδες
518 3725 608 3791 εἶναι
629 3719 712 3791 ὄνον
733 3722 842 3792 πόκον
863 3725 902 3793 τὸ
924 3721 1113 3816 ἄχρηστον·
1143 3723 1198 3794 ον’-

92 3825 150 3894 atto
169 3822 234 3918 γδρ
256 3826 375 3894 αἰτοῦ
396 3821 479 3894 ὄνον
500 3821 601 3901 πόκες
622 3825 874 3919 χρησιμεύοοσι.
918 3830 975 3894 Sed
997 3833 1196 3896 Buttmannus

92 3927 225 3994 Gramm.
249 3930 277 4013 5.
298 3927 351 3994 50.
375 3928 454 3993 Adn.
473 3929 526 3994 13.
549 3931 647 3995 locum
665 3932 820 4017 Utopieum
837 3933 1015 4017 probabilius
1040 3935 1119 3998 asini
1132 3944 1199 3997 ton·

89 4052 190 4096 suram
212 4024 344 4119 (πόνοι)
369 4054 456 4117 quam
478 4033 554 4098 asini
577 4034 674 4099 vellus
696 4035 763 4100 sive
784 4035 893 4100 floccos
914 4031 1045 4121 (πόνοι)
1071 4037 1131 4102 diei
1149 4038 1201 4122 ju·
