2506 4492
97 184 164 252 ιιι
258 168 264 188 ·
329 192 335 251 ;
453 171 841 240 n1ssunrur1ou.

99 358 198 451 ληιάς
218 358 284 424 sive
305 355 418 442 λίβος,
455 355 578 439 ejusque
600 353 736 438 genitivo
755 344 851 440 λιβός
877 363 909 417 et
928 350 1103 417 accusativo
1128 349 1205 440 λίβσ

87 463 269 549 ‘Aeschylus
291 480 364 523 usus
387 469 434 521 est
450 457 582 541 Choepb.
600 456 676 522 292.
700 468 731 520 et
751 457 870 539 Fragor.
889 454 929 518 N.
947 453 1002 519 65.
1022 455 1114 518 Dind.
1133 455 1204 518 Tbe-
1247 538 1249 547 Ι

99 577 244 653 ognostus
265 562 297 626 in
314 561 376 625 lnd.
394 559 553 642 Anecd.,p.
572 557 667 623 1402.
692 561 776 642 Νίψ
799 552 914 645 Νιβός
935 551 1049 642 ὄνομα
1071 555 1203 644 κρήνης.
1247 562 1249 573 “

98 670 220 736 Photius
243 679 274 730 et
293 665 398 728 Suidas
421 661 524 750 Νίβσι
543 658 655 751 χιόνσι·
686 662 837 727 καλεῖται
858 660 889 727 d'
911 656 1000 726 οὕτω
1023 660 1084 726 κοιλ
1104 657 1205 748 κρήνη

98 778 135 840 ἐν
157 765 296 858 Θράκῃ,
326 768 404 830 undc
423 767 552 829 fortasse
574 765 692 831 urbium
715 764 836 827 nomina
862 764 971 850 Νίψοι
993 759 1092 838 πόλις
1115 761 1205 851 Θρᾴ-

96 899 157 962 κης
178 872 280 956 Steph.
296 868 453 959 σι’χῶρος
473 866 707 956 Θεσσαλονίκῃ
728 869 770 954 τῇ
783 865 1029 934 Μοικειλσνίτιιίι
1052 867 1206 954 γειτνιοίν

97 976 218 1064 Νίβσς
243 973 364 1039 Aelian.
397 971 435 1033 H.
458 969 589 1033 Animm.
620 968 691 1033 XV.
721 967 776 1033 20.
808 970 886 1033 sicut
914 969 973 1033 alia
1001 968 1071 1033 loca
1101 991 1207 1035 nonen
1234 1040 1237 1047 ,

96 1077 234 1167 Κρήνη,
255 1073 437 1161 Κρηνίδες,
456 1073 623 1158 Κρουνοί,
640 1071 772 1159 Πηγοιί,
785 1072 980 1160 Λείβηθρα,
1001 1073 1110 1158 adepta
1126 1084 1204 1138 sunt.

96 1166 200 1266 Neque
223 1179 379 1264 quidquam
401 1176 471 1239 hinc
493 1177 583 1239 distat
610 1175 820 1260 appellativum
846 1177 912 1265 νίψ
940 1173 1039 1266 χισίν,
1068 1177 1148 1261 quod
1167 1179 1206 1241 ite

99 1306 141 1349 ex
162 1304 219 1346 usu
240 1278 379 1354 recessit,
403 1289 437 1341 ut
458 1291 579 1343 veteres
600 1279 804 1342 accusativum
826 1279 913 1365 νίφσι
935 1302 977 1344 cx
997 1274 1131 1364 νιφοίδσι
1147 1300 1207 1343 mu·

96 1386 212 1450 tiletum
238 1395 397 1465 tonumque
419 1392 584 1444 retractum
606 1382 764 1445 crederent
778 1405 808 1446 v.
828 1381 927 1446 Procl.
944 1383 979 1445 ad
992 1381 1119 1445 Hesiod.
1137 1381 1204 1466 0pp.

91 1486 171 1555 530.
206 1486 315 1550 Jcann.
340 1507 370 1568 p.
395 1482 448 1559 12,
473 1481 529 1547 20.
559 1483 616 1547 etsi
645 1497 779 1568 apertum
809 1497 868 1561 est,
898 1484 981 1565 νίψ,
1012 1483 1147 1573 χέρνιψ,
1173 1484 1206 1547 εί

95 1591 212 1678 νείφω,
240 1588 362 1663 νίπτσι,
391 1586 512 1650 niuibus
541 1599 572 1652 et
599 1587 765 1671 genitivum
793 1589 874 1651 nubes
903 1588 1028 1650 eandem
1061 1588 1206 1651 rationem

97 1695 219 1770 babere,
244 1713 331 1777 quam
347 1691 457 1754 babent
471 1691 541 1764 νίν,
566 1693 707 1774 cingius,
731 1695 828 1777 cetego
851 1691 887 1754 ad
911 1688 1003 1769 νίζω,
1026 1692 1114 1776 eujus
1133 1689 1207 1753 iutu-

96 1818 177 1873 rum,
201 1797 228 1861 si
252 1805 385 1870 extaret,
408 1793 486 1868 νίξω
510 1794 601 1867 foret,
625 1794 703 1855 unde
727 1793 781 1855 nix
804 1794 913 1876 pendet
934 1802 966 1856 et
985 1792 1106 1856 auctius
1120 1791 1205 1872 niux,
1239 1826 1243 1850 s

96 1899 209 1984 cingis,
232 1909 267 1961 ut
290 1899 436 1980 conjunx,
460 1894 598 1972 Meninx,
632 1890 787 1982 φόρμιγξ,
820 1889 956 1983 σ’ίστριγξ
977 1916 1010 1960 v.
1033 1896 1073 1958 ad
1094 1894 1204 1979 Phryn.

95 2024 125 2086 p.
145 2001 199 2065 72.
231 2018 397 2083 quanquam
427 1996 503 2059 ninx
530 1997 628 2082 ipsum
657 2018 718 2059 non
747 2009 899 2082 receptum
926 2008 992 2075 est,
1021 1999 1076 2061 sed
1102 1996 1206 2080 quiea

94 2103 160 2186 νίψ
189 2102 240 2184 qui
267 2099 407 2162 oriuntur
436 2119 541 2172 casus,
574 2099 696 2180 produci
724 2120 786 2162 non
815 2110 952 2183 possunt,
986 2099 1205 2183 praesternitur

57 2206 69 2229 *
94 2203 292 2288 producendis
307 2199 444 2282 obliquis.
477 2199 592 2288 Σκνίψ
614 2199 762 2268 κλίνεται
784 2201 838 2269 dccl
861 2203 923 2269 τοῦ
936 2188 979 2269 Βπ
993 2202 1052 2268 καί
1074 2198 1129 2267 dccl
1149 2197 1205 2266 cod

92 2292 136 2393 p,
165 2303 250 2387 κνίψ
272 2303 307 2371 δὲ
328 2301 383 2371 dccl
404 2304 466 2369 cori
480 2290 518 2370 bc
534 2301 646 2390 μόνον
676 2304 857 2385 Chcrcbosc.
881 2307 911 2369 in
935 2306 1038 2390 Etym.
1064 2305 1107 2368 Μ.
1133 2300 1204 2378 718,

95 2407 149 2475 19.
174 2407 286 2471 Zouar.
313 2428 343 2491 p.
365 2405 460 2471 1310.
491 2412 524 2473 οἱ
544 2421 662 2480 κνῖπες
690 2408 843 2490 Aristopb.
867 2409 947 2473 Avv.
973 2406 1049 2472 590.
1077 2407 1203 2473 Aristot.

95 2512 133 2577 H.
160 2514 241 2576 Anu.
265 2510 318 2574 IV.
343 2509 377 2588 8,
402 2509 454 2573 15.
485 2509 566 2586 τοῦς
594 2524 738 2584 σκνῑποις
767 2509 823 2573 ΙΧ.
849 2509 880 2574 5.
905 2510 969 2594 (3.)
991 2509 1024 2573 4.
1050 2520 1084 2574 et
1105 2511 1205 2573 eodem

95 2616 162 2679 loco
192 2610 396 2701 κνιποιλόγος
423 2625 458 2676 ut
483 2615 514 2677 iu
545 2615 620 2677 libro
649 2616 684 2678 de
715 2613 802 2676 Sens.
827 2613 865 2676 V.
890 2613 966 2689 444,
1000 2612 1053 2678 12.
1085 2602 1227 2684 ιινίπαιΙΙ

95 2717 220 2790 editum,
243 2737 297 2799 pro
318 2736 375 2798 quo
390 2716 474 2776 codd.
495 2717 662 2798 complures
686 2714 830 2790 σκνίπσις
853 2727 885 2780 et
900 2714 1023 2788 σκίποις
1046 2716 1202 2789 exhibent,

95 2829 201 2889 contra
227 2838 313 2901 quem
336 2816 546 2899 Tbeognostns
572 2829 675 2881 narrat
695 2818 810 2880 Anecd.
836 2819 937 2881 Crem.
954 2841 983 2902 p.
1003 2816 1079 2882 135.
1110 2817 1202 2882 Bekk'.

94 2943 125 3008 p.
145 2919 239 2985 1418.
266 2922 297 2984 b.
322 2915 426 3001 σκνίηι
451 2915 556 3003 ὁμὲν
575 2915 805 3005 Ἀριστοτέλης
825 2918 912 3007 peccel
935 2907 1152 3007 τοῠσλίγει,
1175 2921 1205 2984 σί

95 3023 131 3091 dd
156 3023 272 3091 λοιποί
292 3022 391 3114 χωρίς
409 3021 471 3087 τοῦ
493 3045 529 3104 σ,
561 3023 613 3085 sed
642 3033 672 3085 et
694 3021 826 3086 Galenus
855 3025 891 3087 de
915 3023 1018 3108 Simpl.
1041 3024 1125 3089 Med.
1151 3022 1203 3087 lX.

96 3125 128 3188 1.
154 3123 228 3190 187.
259 3127 295 3188 T.
316 3124 415 3191 XVII.
446 3129 479 3190 οἱ
501 3137 656 3203 σκνῖπες,
689 3123 815 3208 aliique3
851 3125 1037 3212 pontumal
1068 3138 1204 3212 σκνῑηες

95 3226 180 3312 Orig.
205 3250 233 3291 e.
258 3229 342 3294 Cels.
364 3228 404 3293 V.
430 3226 504 3292 582.
537 3227 572 3289 Β.
597 3226 681 3290 etin
702 3227 842 3291 versione
864 3227 1092 3305 Alexandrina3
1126 3225 1205 3301 τούς
1232 3208 1249 3293 ί

93 3330 353 3423 κνῑπαςρΑοιοο.
378 3331 444 3394 Lib.
470 3351 498 3394 c.
521 3328 573 3392 14.
598 3351 629 3392 v.
653 3330 689 3392 ad
712 3330 824 3415 Phryn.
849 3352 878 3414 p.
905 3329 979 3396 399.
1025 3331 1109 3396 Ηεοο
1136 3353 1204 3398 ver·

96 3433 189 3497 mium
217 3435 338 3498 nomina
369 3431 485 3517 σκνίψ,
512 3433 565 3519 lp,
595 3429 700 3518 θρίψ,
731 3433 896 3497 masculina
923 3445 1012 3512 στοις
1045 3431 1070 3520 η’
1095 3432 1202 3524 bodyt,

95 3537 172 3620 quod
193 3535 446 3622 wyttenbachius
468 3535 632 3599 mirabatur
645 3536 681 3598 ad
695 3537 774 3599 Plut.
800 3537 834 3599 de
849 3537 948 3600 Disor.
964 3535 1056 3601 Adul.
1078 3559 1108 3622 p.
1125 3536 1201 3605 422.

94 3661 112 3704 ι
139 3638 297 3703 Menandri
324 3661 416 3702 versu
441 3641 504 3724 Jam
534 3638 681 3702 sublatum
711 3649 760 3703 est
786 3661 815 3722 p.
842 3637 914 3703 198.
947 3660 1105 3703 commune
1128 3659 1202 3705 vero

94 3739 211 3832 ῥίνη-ἠ’
232 3738 295 3830 ῥίψ
314 3741 452 3805 Eustath.
475 3739 570 3816 1533,
595 3739 646 3805 53.
671 3754 747 3816 ταῖς
768 3740 846 3829 ῥιψί
866 3742 994 3806 Aristot.
1011 3741 1114 3807 Probl.
1130 3740 1201 3805 XV.

94 3843 127 3910 6.
144 3843 243 3932 paullo
257 3854 324 3929 post
338 3840 401 3909 τοῦ
416 3836 524 3933 ῥιπός,
547 3853 578 3906 ct
596 3842 729 3933 ρίπεσιν
743 3849 905 3918 οίσνΐνοις
919 3845 1020 3909 Nonn.
1037 3845 1107 3908 XL.
1125 3841 1200 3908 461.

181 3948 215 4012 ln
232 3932 286 4033 οη]
308 3967 454 4031 perpauca
476 3947 617 4010 desinunt
624 3974 634 4025 3
665 3969 733 4011 nam
750 3948 892 4034 Hesycbii
911 3947 1013 4034 glossa
1035 3938 1138 4032 Δνόψ
1153 3971 1202 4038 χι·

93 4047 201 4126 πίνος
222 4049 323 4134 εἶδος,
342 4040 473 4137 βοίθος·
497 4049 681 4114 dubitatione
703 4068 764 4114 nou
786 4064 891 4131 vacat3
923 4072 1020 4138 neque
1041 4051 1133 4148 fpdern
1156 4052 1201 4118 in·

230 4166 245 4209 ι·
