2506 4492
237 156 297 232 nn
325 155 522 251 repnte.
552 154 754 231 uuruou.
784 161 813 250 ς.
839 156 892 230 11.
1074 138 1124 231 eu

37 335 118 437 ἔγου
133 329 216 413 olive
232 347 331 438 ἔργον)
347 342 468 431 pant.
493 343 663 428 Psepbisma
678 343 716 407 ll.
734 365 782 429 ep.
799 340 951 408 Plutarch.
965 340 1004 408 V.
1023 343 1120 410 Oratt.

37 496 42 512 .
59 447 139 518 277.
164 447 222 515 καὶ
243 440 326 536 λόγῳ
349 446 407 514 καὶ
428 450 509 534 ἔργῳ
527 446 653 510 Aristid.
673 447 726 510 Or.
742 446 891 509 XXXIX.
911 444 985 510 504.
1008 446 1119 511 Julian.

38 575 67 617 r.
91 551 131 614 ll.
156 549 210 616 96.
233 547 272 614 Α.
297 550 404 614 Liban.
428 549 463 612 T.
487 547 525 610 ll.
551 546 625 612 585.
650 549 739 633 Ding.
763 548 816 611 La.
841 546 879 610 ll.
904 546 956 612 50.
987 560 1018 612 et
1039 550 1124 615 ulau

37 675 77 719 ise
98 653 133 716 in
154 650 238 717 Men.
261 675 289 736 p.
308 650 361 716 86.
383 652 418 715 C.
444 663 475 716 et
489 652 564 714 Min.
585 673 614 735 p.
634 649 709 714 318.
727 652 764 715 Ε.
788 651 841 714 sed
864 651 1014 714 contrario
1037 654 1123 716 mode

37 756 139 821 ristid.
159 754 244 818 Xlll.
270 753 343 818 166.
367 754 467 818 XXll.
493 751 567 819 272.
592 752 702 816 Julian.
723 752 774 815 lll.
800 750 873 818 123.
895 752 933 816 Α.
960 756 1042 842 ἔργῳ
1065 755 1123 821 καὶ

37 885 88 927 ποι
110 856 186 921 Plat.
208 856 302 942 Legg.
324 856 381 920 tx.
402 854 477 920 878.
498 856 534 919 C.
559 858 641 928 ἔπος
662 880 698 921 τε
719 855 776 922 καὶ
796 858 895 942 ἔργον
917 854 1046 918 llerodo.
1069 857 1120 920 lll.

37 960 91 1026 35.
128 963 228 1048 ἔργον
250 984 286 1025 τε
307 962 389 1032 ἔπος
409 984 446 1025 τε
474 957 560 1021 llum.
586 956 640 1021 Od.
665 957 801 1024 11272.
836 956 909 1024 noia
932 960 1000 1044 μὲν
1025 961 1124 1046 ἔργον

37 1062 88 1132 ἄν
117 1061 153 1128 δὲ
182 1065 264 1135 ἔπος
292 1061 445 1149 λέγοντες
473 1085 510 1126 οε
537 1059 595 1126 καὶ
621 1052 845 1147 πράττοντες,
861 1059 945 1125 Plato
977 1060 1044 1125 etv.
1069 1060 1121 1125 Vl.

37 1158 93 1231 04.
118 1165 156 1230 Ε.
182 1164 313 1228 ehiasmo
338 1186 431 1243 usus3
467 1165 541 1230 αἵτε
566 1165 647 1236 ἔπος
668 1164 742 1229 αἵτε
763 1167 862 1250 ἔργον
888 1163 1025 1248 luseript.
1050 1163 1125 1228 Elea

37 1267 70 1331 J.
87 1260 143 1333 26.
168 1260 364 1349 similiterque
386 1250 498 1351 ἔνομο
520 1264 576 1332 καὶ
594 1259 737 1354 πρᾶγμα
760 1277 791 1329 οι
807 1265 952 1354 πρᾶγμα
973 1266 1029 1333 καὶ
1049 1261 1124 1334 livo-

91 1370 127 1435 in
148 1369 223 1432 loeis
252 1388 270 1431 a
291 1368 484 1433 Boissonadin
512 1367 611 1431 allatis
632 1369 668 1430 ad
689 1368 805 1451 Eunap.
830 1390 859 1452 p.
883 1366 958 1434 420.
1006 1368 1063 1432 Sed
1084 1371 1122 1433 de

37 1387 288 1643 &anticorum
313 1470 479 1555 praeceptis
502 1469 576 1533 satis
600 1469 710 1532 dietum
732 1469 868 1546 videtur,
901 1471 1005 1555 quibus
1030 1473 1125 1536 multa

89 1571 217 1637 'ordinis
239 1573 398 1656 permutati
421 1570 559 1654 exempla
583 1571 650 1632 addi
671 1582 796 1654 possunt
819 1567 935 1639 πάντα
956 1567 1065 1640 τοῦτο
1094 1586 1126 1639 et

37 1670 126 1743 οὗτοι
147 1669 264 1741 aalma
286 1696 317 1738 v.
342 1675 379 1736 ad
400 1674 449 1758 Aj.
474 1678 514 1737 v.¹
533 1671 627 1739 1023.
651 1665 758 1762 ταύτῃ
779 1674 888 1741 τοῦτο
910 1685 942 1738 et
964 1686 1068 1739 eontra
1089 1698 1122 1741 v.

37 1777 132 1843 aeobs.
164 1777 201 1840 ad
221 1776 290 1840 Ael.
319 1797 348 1859 p.
374 1767 532 1851 134,11.
562 1761 658 1840 ἄλλοι
678 1772 800 1841 πολλοί
827 1787 858 1839 et
883 1776 1004 1843 πολλοὶ
1028 1773 1125 1844 ἄλλοι

38 1926 46 1944 .
70 1879 220 1963 llrueger.
245 1879 282 1941 ad
304 1877 431 1962 Dionys.
456 1898 484 1959 p.
508 1874 584 1940 444.
614 1866 747 1964 πρῶτος
768 1876 825 1944 καὶ
845 1872 952 1963 μόνος
975 1890 1006 1943 et
1027 1890 1123 1943 muta-

37 1968 197 2046 s‘vicihus
225 2001 257 2043 v.
282 1978 430 2042 Fritzseh.
455 1979 492 2042 ad
514 1979 639 2043 Lueian.
668 2002 698 2064 p.
724 1979 775 2044 12.
807 1980 921 2054 καλῶς’
940 2006 977 2047 τε
1002 1981 1059 2048 καὶ
1085 1977 1125 2048 εὖ

37 2084 148 2148 lerndo.
168 2081 192 2144 l.
216 2079 269 2146 59.
294 2081 437 2145 Aeschin.
462 2101 489 2144 ο.
512 2080 587 2143 Tim.
612 2104 641 2165 p.
667 2081 721 2158 33,
743 2082 796 2148 32.
821 2076 1124 2159 attestationes

37 2185 128 2251 tthen.
152 2183 228 2249 322.
248 2184 285 2246 Ι).
311 2184 387 2247 Plat.
411 2181 502 2246 lauh.
527 2204 556 2266 p.
579 2178 652 2246 188.
676 2182 714 2246 A.
740 2195 771 2248 et
791 2185 859 2250 aliis
881 2186 955 2251 loeis
979 2210 1010 2251 v.
1032 2188 1124 2252 Hein-

37 2289 95 2352 url.
118 2287 156 2350 ad
177 2286 260 2350 Crat.
279 2284 353 2350 440.
375 2285 413 2348 D.-
437 2272 475 2351 ati
496 2285 554 2352 καὶ
574 2285 682 2359 καλῶς
703 2286 785 2351 Stob.
804 2287 885 2352 Flor.
904 2289 1049 2353 LXXIX.
1068 2288 1121 2354 51.

37 2427 49 2452 1.
68 2386 148 2466 458,
172 2386 226 2451 48.
250 2387 368 2451 Aeliau.
388 2387 427 2452 V.
448 2386 485 2451 H.
507 2386 560 2452 lll.
578 2386 633 2454 25.
657 2388 709 2454 IV.
728 2388 760 2453 5.
784 2390 889 2453 Liban.
912 2391 949 2453 T.
969 2391 992 2453 l.
1018 2413 1047 2475 p.
1069 2391 1121 2456 10.

37 2491 56 2554 l.
78 2491 117 2556 ll.
149 2488 223 2555 136.
255 2490 405 2553 Plutarch.
431 2484 560 2554 Conviv.
589 2490 627 2553 ll.
652 2490 684 2553 3.
715 2490 815 2554 Diser.
838 2490 928 2554 Adul.
958 2492 1016 2568 23,
1047 2491 1121 2556 100.

37 2594 58 2657 ul
78 2615 153 2679 quae
180 2591 310 2656 animum
338 2592 498 2676 diligenter
518 2593 634 2656 adverti
657 2600 791 2674 oportet,
822 2593 949 2677 primum
974 2605 1008 2659 ut
1028 2605 1123 2658 muta·

37 2694 91 2759 tua
111 2696 320 2760 discernantur
342 2695 377 2757 ab
399 2693 648 2771 immutabilibus,
678 2693 802 2770 deinde,
833 2696 860 2758 si
882 2697 950 2780 quid
972 2720 1012 2762 ex
1034 2697 1123 2763 solito

37 2798 201 2876 ruiaverit,
232 2808 267 2862 ut
286 2797 317 2861 id
338 2817 454 2883 quoque
474 2797 697 2882 pervestigetur
721 2818 778 2883 qua
797 2798 915 2864 ratione
937 2801 1048 2866 fantum
1070 2801 1120 2865 sit.

1090 2910 1099 2948 l

620 3160 648 3182 ..

367 3256 443 3419 ι,
