2506 4492
273 191 333 262 DE
365 192 529 265 Nouum
558 189 731 265 MONOS.
761 194 799 265 G.
821 191 860 265 11.
890 200 918 285 5.
942 195 974 267 5.
1116 204 1184 277 111

66 373 196 444 Sicbelis
218 373 255 441 ad
270 375 359 442 Paos.
383 376 420 443 Τ.
441 376 480 442 ll.
504 373 579 443 195.
604 372 747 465 deear
770 373 987 468 etPupea'cp,
1009 384 1184 466 quibuscum

68 472 243 566 Kupeaiccp
265 484 296 543 et
316 480 503 566 Kupeciccr
523 482 601 545 nodo
623 483 747 565 quodam
767 483 955 566 cognationis
975 487 1125 552 contineri
1138 492 1186 556 vi-

68 582 191 648 dentur.
239 583 264 645 E
287 583 462 647 masculinis
485 584 714 648 hucreferenda
728 596 798 648 sunt
813 584 937 662 Maces,
960 587 1088 667 Macae,
1114 582 1187 660 Σοί..

71 709 126 760 κες
148 687 252 772 Etyni.
267 685 310 749 M.
335 684 410 763 707,
433 684 488 750 36.
511 687 626 750 Anecd.
644 686 745 750 Cram.
761 686 785 750 l.
810 685 885 754 390.
912 684 1033 771 Σάκαι,
1055 691 1187 784 Βρύγες

69 785 216 875 Βρύγαι,
242 783 387 875 Φλεγύας
408 785 564 876 Φλεγύαι,
585 788 724 874 Blemyes
741 789 883 876 Blemyae
904 813 936 854 v.
957 793 1127 862 Tzsehuck.
1148 801 1186 865 ad

69 892 141 957 uer.
162 891 232 956 vot.
252 891 289 954 11.
309 890 342 953 r.
361 890 385 955 1.
412 890 485 958 192.
508 878 645 965 actea
661 886 775 957 turon.
791 893 896 957 rasit.
913 917 943 978 p.
960 886 1013 960 57.
1030 899 1076 961 eu.
1093 884 1184 966 urei.

67 995 194 1074 Εἵλως,
217 984 383 1080 Εἱλαλτης.
428 994 524 1080 Hujus
546 1004 646 1058 autem
668 1005 770 1060 tantae
787 996 993 1081 exemplorum
1009 1000 1111 1084 copiae
1122 1018 1185 1067 non

70 1097 250 1184 poenitebit,
265 1097 547 1181 opinor,'lectores,
567 1097 618 1160 ubi
635 1098 839 1174 meminerint,
864 1100 1009 1166 nonnulla
1025 1114 1078 1166 aut
1089 1105 1186 1171 semel

67 1210 186 1266 tantum
207 1211 260 1264 aut
281 1221 423 1285 perquam
445 1219 516 1263 raro
538 1211 591 1264 aut
611 1201 687 1284 apud
708 1201 870 1284 scriptores
890 1202 986 1267 infimi
1005 1206 1118 1271 ordinis
1133 1230 1185 1273 re·

46 1293 173 1390 periri,
203 1303 248 1367 sic
270 1313 305 1366 ut
326 1304 407 1366 dictu
429 1303 547 1368 difficile
569 1304 621 1380 sit,
653 1303 723 1386 quid
744 1304 859 1367 librarii
882 1309 1084 1390 corruperint,
1114 1311 1185 1395 quid

67 1406 224 1472 barbaries
246 1405 420 1482 invexerit,
452 1405 521 1489 quid
551 1405 731 1489 proprietate
754 1405 982 1490 significationis
1005 1423 1181 1479 excusetur.

66 1508 191 1575 Etenim
214 1519 275 1572 tota
298 1508 372 1572 haec
395 1508 530 1591 quaestio
553 1516 600 1571 est
622 1509 657 1575 dc
679 1508 862 1587 nominibus,
891 1531 965 1593 quae
987 1523 1101 1578 mutata
1122 1526 1184 1580 ter-

67 1612 237 1680 minatione.
266 1611 517 1696 significationem
545 1630 607 1674 non
636 1620 771 1684 mutant,
809 1620 843 1673 ut
869 1603 993 1697 φύλαξ,
1022 1606 1184 1702 φύλακος,

65 1709 251 1802 Δημήτηρ,
279 1707 465 1800 Δήμητρα,
497 1714 602 1797 quibus
625 1730 736 1777 nomen
765 1712 925 1778 indidimus
953 1717 1184 1798 paraschemati⁴¹

65 1830 195 1883 storum.
242 1817 286 1880 Ab
309 1817 451 1881 hisvero
475 1817 635 1902 plurimum
658 1816 876 1890 differuntea,
910 1837 1035 1899 quorum
1066 1815 1187 1904 species

65 1921 127 1986 alia
154 1920 235 1984 aliud
261 1919 411 1995 declarat,
443 1931 479 1984 ut
507 1915 635 2006 φύλαξ,
667 1908 820 2006 φυλακή,
842 1904 1010 1994 Φύλακος,
1035 1914 1185 2010 daldorp,

68 2016 177 2111 σφήξ,
202 2015 338 2108 appuis,
359 2019 443 2108 yde,
463 2018 567 2111 γύπη.
611 2023 692 2086 Haec
723 2022 803 2086 enim
830 2023 995 2087 necessitas
1017 2026 1184 2111 expressit,

64 2127 121 2192 illa
143 2126 362 2190 commoditatis
386 2146 476 2191 eausa
497 2139 617 2212 reperta
640 2135 712 2191 sunt
726 2137 757 2190 ct
770 2124 953 2191 vocalitatis.
1000 2125 1066 2192 Utri
1083 2139 1185 2194 autem
1232 2168 1241 2196 ι

67 2251 199 2294 numero
219 2230 448 2312 unumquodque
469 2230 699 2293 adscribendum
720 2229 780 2305 sit,
811 2239 876 2292 tum
897 2230 1016 2294 demum
1038 2233 1111 2296 sciri
1132 2256 1185 2318 pc*

65 2333 154 2407 terit,
178 2331 206 2395 si
231 2332 378 2415 cujusque
394 2332 573 2416 significatio
595 2328 720 2395 inventa
743 2331 802 2394 erit
822 2351 898 2394 vera
911 2339 943 2395 et
956 2335 1087 2418 propria.
1126 2335 1185 2399 Sed

64 2435 100 2499 in
131 2434 190 2498 hcc
218 2433 415 2498 vehementer
442 2435 631 2524 vacillamus.
676 2433 755 2497 Num
783 2432 914 2515 exempli
938 2455 1028 2498 causa
1050 2431 1185 2519 Πρῶνα

64 2537 151 2602 urbis
176 2535 315 2601 Creticae
347 2559 458 2601 nomen
488 2537 600 2602 Zonar.
625 2557 655 2620 p.
681 2529 776 2599 1581.
799 2535 884 2597 ‚idem
907 2537 1052 2619 estquod
1075 2533 1185 2623 npetu

65 2660 101 2707 v.
126 2639 165 2704 C.
183 2638 208 2703 l.
233 2639 312 2722 51.
337 2662 376 2704 an
398 2640 545 2726 adjective
567 2638 717 2724 significat
741 2635 914 2701 Collinam?
955 2637 1099 2722 Equidem
1122 2662 1184 2704 non

63 2743 189 2829 reperio
211 2744 261 2827 qui
284 2743 389 2828 capitis
403 2742 603 2828 vertiginem,
628 2741 713 2825 quam
737 2741 866 2827 ἴλιγγον
890 2742 990 2805 dicere
1013 2742 1182 2830 solent⁴⁵)‚

64 2843 202 2934 lilpyrpc‘
229 2846 403 2923 vocaverit,
441 2866 499 2930 quc
529 2845 651 2909 nomine
680 2845 812 2909 vortices
842 2865 985 2928 aquarum
1013 2846 1187 2928 significant

65 2933 158 3013 nau
175 2947 274 3013 xva.
291 2946 344 3012 cr.
363 2947 470 3012 caten.
490 2951 526 3014 ue
540 2949 591 3015 us.
603 2949 686 3013 rari.
701 2943 766 3011 vu.
784 2946 837 3023 ra,
856 2946 931 3012 oco.
948 2948 984 3010 r.
996 2945 1047 3009 111.
1078 2946 1185 3032 neque

65 3051 129 3117 cito
157 3050 300 3128 dixerim,
328 3069 485 3135 semperne
508 3053 615 3136 ubique
638 3051 704 3126 ἕλιξ
726 3061 756 3114 et
778 3049 869 3134 ἐλίκη
887 3050 972 3117 inter
993 3070 1027 3113 se
1050 3070 1183 3119 commu·

65 3153 129 3218 tari
150 3153 286 3239 possint3
322 3175 391 3228 nec,
415 3154 441 3217 si
464 3154 530 3238 quis
550 3175 644 3218 unum
665 3153 833 3217 alterumve
850 3152 986 3217 attulerit
999 3154 1182 3238 exemplum,

66 3257 224 3320 dubitandi
247 3268 278 3335 et
298 3257 519 3342 tergiversandi
542 3278 631 3341 capsa
652 3255 788 3341 praecisa
810 3255 879 3318 erit.
924 3254 1000 3319 Nam
1023 3277 1041 3320 a
1059 3256 1184 3325 Graecis
1228 3308 1232 3312 -

67 3359 167 3423 multa
188 3360 267 3446 dicta
288 3372 360 3423 sunt
380 3382 441 3424 non
464 3348 590 3444 graece,
608 3360 688 3423 sicut
709 3357 926 3421 Germanorum
948 3357 1034 3422 multi
1058 3360 1185 3446 loquun-

67 3469 121 3525 tur
143 3483 205 3524 non
228 3464 411 3547 germanice.
456 3465 506 3528 An
528 3463 621 3547 igitur
634 3460 791 3535 Aeliatrus,
815 3480 903 3543 quum
921 3457 1070 3524 turbemin
1083 3464 1183 3550 Eryce

67 3564 159 3628 sitam
175 3559 305 3652 Ἔρυκα
328 3567 443 3630 diceret
463 3590 495 3631 v.
514 3567 620 3629 Corais
642 3565 677 3626 ad
695 3564 734 3629 V.
754 3564 792 3626 H.
810 3584 839 3646 p.
854 3559 930 3627 286.
953 3562 1126 3650 incorrupte
1140 3566 1185 3630 lo·

68 3678 181 3753 quutus
204 3671 275 3732 est?
308 3669 407 3755 Vulgo
436 3670 554 3759 quidem
579 3689 664 3732 mons
686 3666 729 3731 ita
750 3675 894 3742 vocatur,
922 3667 996 3730 urbs
1017 3670 1112 3734 monti
1133 3690 1185 3734 su·

71 3867 288 3885 w

136 4002 185 4088 lo)
203 4016 236 4073 v.
251 4015 368 4074 rrersor.
385 4024 418 4075 uu
430 4016 510 4076 misr.
530 4039 556 4090 p.
574 4016 632 4076 ruo.
646 4019 746 4074 Jacots.
764 4022 796 4074 aa
808 4016 902 4074 uentu.
918 4034 942 4088 p.
959 4021 1017 4073 oco.
1038 4019 1082 4086 qur
1098 3983 1182 4071 ruec-

67 4104 205 4175 plrrastum
222 4109 437 4176 praetermittunt
453 4111 480 4162 in
497 4110 567 4163 libro
577 4115 640 4184 crept
655 4105 765 4181 ἰλίγγων
775 4111 824 4160 laec
835 4108 917 4161 forma
932 4113 1082 4164 constnnter
1093 4121 1179 4159 cmm.

512 4219 514 4226 ,
907 4189 975 4228 ιω
