2506 4492
123 196 188 266 110
483 191 803 260 btssttlttalto
833 191 881 260 11.

123 376 180 453 δο,
211 368 334 465 χρύσεοι
363 372 421 456 rici,
450 396 511 438 non
541 374 679 439 dubitabo
707 375 838 439 licenter
864 383 1037 459 corruptum
1066 375 1168 443 tlioere
1187 377 1222 445 'ex

27 520 32 530 .
120 479 236 565 δῶμα,
266 480 342 563 qnod
374 490 496 543 veteres
525 499 580 562 per
609 498 762 563 syncopen
792 477 931 542 ellectum
960 497 1029 542 esse
1052 491 1221 549 sumuntur
1248 540 1251 552 ,

120 579 274 669 δόμημοι,
296 581 348 644 sed
363 592 467 644 nostra
483 579 634 644 sententia
649 591 683 643 ut
704 575 820 666 δόμος,
842 571 946 665 δομή,
967 577 1087 666 δέμας,
1109 604 1129 646 a
1146 582 1219 671 δέμκ
1242 556 1253 633 ¹

119 685 322 772 proficiscitur
343 682 409 767 sive
431 685 529 768 potius
552 704 569 745 a
591 679 695 767 δοίμω
726 682 814 746 sicuti
837 682 1129 770 eaperecapere.
1171 686 1220 767 be
1243 659 1253 728 ¹

122 789 149 854 si
170 787 299 852 ulterius
321 786 460 870 progredi
482 785 667 865 verbumque
690 783 752 850 δέοι
776 785 963 849 fundamenti
975 785 1044 850 loco
1059 789 1220 853 substruere
1243 764 1253 827 ¹

119 890 256 957 volemus
285 897 449 973 praeeunte
478 885 627 971 Hesycbio
656 882 789 973 Διομός
816 887 916 974 σῶμα
924 935 935 969 ,
964 885 1105 976 μορφή,
1135 901 1218 955 tamn
1244 866 1253 943 ¹

118 993 201 1058 nuto
223 1001 274 1065 osu,
289 991 353 1067 vu,
387 1011 444 1072 qua
467 987 512 1053 aa
536 988 605 1050 orno
628 989 760 1053 derivari
781 990 887 1075 possa.
940 989 973 1052 n
1001 990 1098 1075 igitur
1119 1004 1219 1057 coru·
1245 969 1253 1061 l

117 1115 265 1181 apocopae
294 1091 463 1175 exemplum
492 1111 638 1166 numero,
673 1092 843 1176 pariterque
873 1088 1051 1179 δαιμόνιος
1080 1091 1143 1180 cil,
1174 1114 1219 1180 qut
1246 1072 1253 1140 ¹

116 1195 279 1283 significari
300 1195 420 1259 videtur
448 1193 500 1256 ille
522 1184 755 1279 α’δοιμοῖκιικος
776 1186 873 1278 ἧλος,
904 1217 991 1280 quem
1012 1198 1142 1262 summis
1164 1218 1218 1263 ver·
1247 1178 1253 1243 ¹

118 1300 227 1364 tieibus
251 1296 324 1381 tigit-¹
338 1295 403 1359 dira
421 1297 599 1371 necessitas,
625 1316 751 1360 revera
771 1289 962 1383 οἷπόκομμοι
984 1297 1146 1374 λεξειδίοιι
1165 1319 1219 1364 esse
1247 1258 1253 1374 ¹

117 1401 249 1466 arbitror
271 1410 305 1462 ut
325 1389 375 1483 ψό
396 1419 449 1482 pro
471 1392 599 1482 ψόθος,
623 1398 777 1463 siveram
800 1400 872 1465 dicit
894 1401 1029 1477 Pbotius,
1061 1413 1097 1466 ut
1118 1403 1218 1467 ludicra
1247 1466 1253 1472 ἢ

116 1505 170 1569 illa
193 1502 330 1566 Palladae
349 1496 452 1586 Epigr.
469 1500 566 1564 XCll.
590 1499 664 1580 δῶ,
685 1501 762 1588 κκῆ,
784 1502 865 1591 apol,
888 1504 965 1587 quotl
987 1523 1086 1588 genus
1108 1503 1249 1588 abeo-1

116 1607 235 1672 charmo
258 1605 371 1669 comico
393 1604 594 1667 introductum
617 1606 721 1668 ferunt
741 1627 772 1668 v.
790 1604 895 1669 Suidas
916 1600 1059 1692 efflator
1068 1609 1126 1691 ⁴³).
1170 1604 1218 1669 Sel
1250 1632 1252 1645 =

115 1721 216 1774 cetera
252 1728 307 1771 cur
338 1717 492 1790 apotnocta
520 1707 675 1782 dicantur,
714 1707 826 1770 nullam
864 1729 984 1772 oausam
1022 1730 1094 1773 esse
1126 1708 1215 1775 video.
1243 1789 1246 1797 Ι

113 1812 247 1895 Namque
276 1803 324 1895 ὄψ
351 1810 389 1872 ad
418 1803 498 1892 ὄψις
526 1802 649 1872 eandem
676 1809 824 1872 rationem
855 1809 945 1875 babet
967 1832 1058 1896 quam
1079 1805 1166 1898 ρ’ἱμοξ
1185 1811 1217 1875 al
1243 1846 1246 1855 ·

113 1910 247 2001 ι’ἱμιιξις,
269 1910 331 2000 λίψ
353 1912 390 1975 ad
412 1911 540 1996 λεῑψις,
571 1931 607 1973 ac
629 1910 655 1973 si
678 1921 817 1976 auctores
839 1912 928 1976 babet
948 1913 1049 1979 miuus
1076 1915 1215 1999 antiquos,
1243 1898 1246 1919 ’

114 2015 244 2100 speciem
267 2023 349 2077 certe
372 2013 452 2099 gerit
464 2011 720 2096 'simplicissimam
734 2023 822 2096 atque
838 2015 1089 2098 antiquissimam.
1124 2016 1217 2101 Neque

64 2194 68 2201 ¹
115 2119 150 2180 tle
179 2117 292 2179 duabus
326 2116 452 2190 formis,
483 2109 566 2200 ἄλφι
591 2126 622 2178 οι
643 2109 806 2200 οἵλψιιοκ,
837 2117 946 2202 ambigi
975 2130 1078 2202 potest
1096 2131 1167 2186 utra
1186 2119 1217 2184 sit
1252 2183 1253 2198 η

112 2218 274 2283 vetustior.
322 2217 467 2281 Similiter
488 2238 506 2281 a
528 2216 648 2302 Μέοοη
674 2230 868 2303 propagatum
897 2219 1017 2285 videtur
1048 2215 1216 2310 Μεσσήνη,

114 2333 148 2386 οι
177 2341 196 2384 a
224 2317 355 2394 Λίοοος
381 2321 447 2386 sire
477 2319 591 2390 Λίσοοι
628 2343 659 2383 v.
688 2321 803 2384 Hoeck.
838 2323 873 2386 de
905 2323 997 2387 Creta
1028 2324 1067 2389 Τ.
1092 2325 1117 2389 l.
1149 2323 1214 2391 388.

112 2421 287 2512 Βλιοοήκη
313 2424 413 2488 Schol.
431 2425 539 2511 Odyss.
557 2422 609 2487 Ill.
627 2421 702 2487 293.
727 2433 758 2486 et
778 2424 813 2486 ab
836 2424 904 2489 aliis
926 2426 1070 2511 stirpibus
1082 2427 1234 2517 γολήκη,·

111 2523 228 2617 εἰρήνη
251 2550 282 2593 v.
305 2527 388 2591 soie.
413 2549 439 2591 s.
459 2524 593 2615 ’Υιιήκη
616 2537 646 2590 ct
668 2525 803 2610 Leunep.
830 2527 867 2590 ad
890 2528 1010 2592 Phalar.
1029 2529 1125 2595 CVll.
1149 2528 1223 2617 308,

112 2628 214 2702 Acesini
237 2641 339 2695 autem
361 2653 423 2693 non
444 2630 564 2714 longius
587 2651 672 2713 quam
694 2621 841 2715 Δωδώνη
863 2631 947 2695 abest
974 2654 993 2697 a
1018 2635 1144 2701 nomine
1170 2635 1197 2699 fl<
1250 2623 1253 2658 ¹

112 2735 156 2798 vii
180 2728 315 2811 Δώδωκ,
338 2733 416 2795 undo
438 2731 584 2815 appellata
605 2752 672 2794 esse
695 2732 804 2795 dicitur
825 2755 856 2796 v.
876 2732 978 2818 Steph.
1002 2735 1084 2800 sient
1106 2737 1215 2824 Cyrene
1249 2742 1253 2798 ς·

113 2857 132 2901 a
155 2835 235 2923 Cyro
257 2835 353 2910 fonte,
378 2834 545 2920 Syracusae
567 2855 585 2896 a
609 2829 753 2918 Σοροκολ
775 2844 881 2919 stagno
903 2859 935 2901 v.
954 2835 1092 2904 Goeller.
1116 2841 1153 2904 de
1166 2836 1213 2925 sp·
1252 2884 1253 2887 =

112 2962 178 3006 rac.
209 2960 240 3023 p.
266 2935 320 3002 82.
359 2935 508 3031 ‘Denique
535 2934 644 3016 Εἰδώ,
663 2932 781 3021 ,Ύψοιζ
814 2931 942 3025 Ἁψρολ,
975 2932 1099 3028 Δωρολ,
1136 2960 1213 3009 neno

112 3053 282 3126 propterea,
306 3039 384 3125 quod
403 3033 588 3125 Ὑψιπύλη,
610 3038 774 3125 Δωροδέιι
798 3051 829 3104 et
850 3052 952 3107 cetera
967 3043 1127 3128 leguntur,
1149 3044 1213 3111 orir-

112 3145 156 3208 ris
179 3142 398 3233 adnumerabit.
443 3141 500 3207 seo
522 3141 674 3205 absolvam
696 3163 832 3227 pensum.

196 3245 230 3308 ln
259 3232 311 3328 ιῖψ
341 3246 399 3308 duo
429 3244 568 3309 novimus
596 3245 696 3308 avium
719 3247 852 3322 nomina,
880 3239 953 3333 γύψ
980 3246 1097 3314 Lucian
1120 3250 1157 3315 tle
1175 3245 1211 3314 tt.

113 3348 237 3433 Peregr.
260 3349 287 3432 §.
303 3347 356 3412 39.
381 3348 429 3426 cui
442 3347 600 3411 Atticistae
622 3343 779 3435 αἰγοπιός
800 3349 974 3434 praeferunt
994 3373 1026 3415 v.
1043 3351 1129 3417 Suitl.
1145 3372 1172 3418 s.
1187 3350 1211 3415 b.

112 3472 145 3515 v.
163 3450 277 3518 Auectl.
299 3451 395 3514 Bekis.
412 3473 442 3534 p.
459 3448 534 3514 354.
559 3461 590 3514 et
611 3446 704 3539 ηρδψ
726 3451 836 3515 Athen.
853 3451 909 3516 XI.
926 3451 1002 3518 496.
1019 3454 1058 3519 E.
1082 3454 1210 3540 Inscript.

86 3551 177 3616 ‘Ate
204 3552 300 3616 Class.
318 3551 356 3616 tl.
382 3574 414 3616 n.
440 3550 514 3618 139.
544 3553 594 3616 nbi
624 3564 671 3617 est
691 3554 887 3618 instrumenti
912 3557 1071 3620 domestici
1091 3577 1211 3631 nomem

112 3654 232 3738 saepius
254 3675 330 3719 vero
352 3655 475 3739 obliqui,
498 3654 574 3727 falso
595 3655 769 3739 plerumque
791 3668 929 3734 accentu,
958 3659 991 3721 in
1013 3681 1075 3742 quo
1095 3660 1212 3745 scripte·

112 3758 265 3843 resipsos
288 3777 407 3821 errasse
429 3757 567 3843 exemplo
589 3770 635 3822 cst
656 3758 820 3844 Gregorius
844 3760 943 3825 Carnu.
961 3761 1075 3827 LXlll.
1095 3782 1127 3849 p.
1144 3758 1210 3826 151.

181 3999 227 4064 ts)
244 3996 311 4049 Num
329 4000 396 4065 quod
415 3998 507 4051 Suidas
526 3999 601 4050 affert
629 3996 748 4069 Ibpciooq
764 3995 783 4066 ἦ
801 3996 935 4068 μάχαιρα,
953 4018 987 4054 ex
1003 4004 1132 4070 ejusmodi
1149 4004 1208 4058 roo

112 4087 253 4161 proluxitt
279 4079 399 4155 Ὃμοκλή
417 4093 444 4137 et
459 4082 572 4155 ἐπίκλην
590 4088 622 4138 ad
640 4087 720 4138 alium
737 4086 821 4140 locum
838 4087 977 4156 pertinent.
