2506 4492
189 156 250 230 nn
272 161 458 230 Antndt.
484 160 697 231 tttttdtttt.
728 163 765 231 C.
787 162 850 231 lll.
874 165 903 251 ἕ.
924 165 957 233 1.
1018 232 1023 239 ,
1063 165 1133 235 flat

38 371 53 410 t.
81 341 140 413 26.
164 342 291 407 Pbcedr.
316 341 388 409 128.
412 344 450 408 Ε.
474 343 526 409 sed
548 343 778 432 παμμεγέθης
798 332 902 410 Ρεεια.
924 341 997 409 128.
1019 343 1052 410 ll.
1077 344 1135 411 Dc·

38 446 134 511 oostb.
159 467 189 530 p.
209 443 285 522 416,
306 445 358 511 15.
382 442 620 534 ὑπερμεγέθης
639 469 669 532 p.
691 445 767 525 684,
788 445 820 511 1.
843 440 986 511 Aeschin.
1006 468 1036 532 p.
1056 445 1131 513 399.

42 569 102 612 urae
124 549 238 633 paritet
259 548 363 632 probat
385 548 493 612 Pollux
513 548 565 613 lll.
588 547 642 613 88.
673 570 739 612 cum
768 548 835 613 aliis
864 560 962 612 autem
985 550 1131 635 orationis

39 651 158 714 artibus
180 649 351 714 terminatio
372 650 479 715 mutari
500 650 595 727 solet,
619 643 817 735 εὕμέλανος,
838 645 1039 738 εὐμεγέθης,
1061 655 1134 719 loc-

39 752 188 838 ιεγέθης,
209 749 481 840 α’πειραμεγὲθης
504 754 590 817 Sext.
616 775 643 816 c.
666 752 771 816 Geom.
796 774 824 837 p.
845 751 919 816 324.
943 753 1134 843 πολυμεγὲ·

39 863 95 941 1ης
118 854 256 919 Eustatb.
282 855 390 938 (lpusc.
414 854 528 919 XXIV.
554 853 612 930 16,
635 853 711 920 217.
743 853 936 939 αιιίςεςιιίαε
957 857 993 919 ad
1016 857 1131 945 Pbryn.

39 986 56 1020 ι.
70 954 143 1021 196.
161 957 295 1021 breviter
311 958 464 1042 expositae
480 978 575 1041 neque
589 953 810 1045 α’μεγὲατερος
825 967 972 1041 repugnat
982 957 1131 1045 Theopbr.

39 1070 62 1123 :c
86 1061 175 1123 Sena.
200 1080 227 1124 c.
253 1058 312 1135 76,
336 1059 411 1124 678.
436 1081 531 1144 neque
553 1049 678 1147 εὖμεγα
700 1059 860 1124 Leonidam
884 1059 1008 1125 Terent.
1033 1060 1131 1126 XCV.

39 1163 135 1246 puippe
159 1173 314 1246 corrupta,
345 1162 417 1225 illud
443 1161 626 1226 detractione
651 1161 802 1247 syllabae,
835 1159 892 1225 hoc
919 1161 1132 1246 conglutinatis

39 1263 194 1344 'ocabulis‚
216 1285 291 1346 quac
313 1264 344 1327 in
366 1264 459 1329 Antb.
479 1263 543 1327 Pal.
562 1262 629 1328 Vll.
651 1261 724 1327 506.
749 1275 833 1328 recte
855 1264 1047 1329 dirimuntur.
1088 1265 1133 1333 Ao

39 1365 169 1430 notionis
194 1386 329 1449 quoquc,
360 1386 435 1450 quae
462 1365 589 1441 dicitur,
622 1387 677 1450 per
698 1386 809 1450 genera
836 1376 868 1429 et
888 1367 1016 1451 gradus,
1051 1366 1134 1433 nulla

40 1467 221 1551 aperiuntur
249 1467 307 1530 nisi
335 1467 367 1531 in
395 1466 544 1553 puratbcsi
573 1478 605 1531 et
634 1467 847 1553 compositione
876 1467 965 1531 debili
995 1469 1134 1556 exempla

40 1568 307 1655 ιυπαρομέλαιαα
334 1569 445 1632 Athen.
478 1569 533 1633 tx.
562 1568 636 1633 395.
667 1568 709 1633 DJ
745 1565 1018 1656 ἔραθρομὲλαινα
1044 1571 1130 1637 xtv.

40 1670 104 1736 152.
127 1671 164 1734 Ε.
189 1664 422 1752 παντάλαινα,
444 1665 665 1750 δυςταῖλαιαα,
687 1670 1133 1763 τριςμέγιστος,,παμμ1γι-

40 1797 108 1847 πτας
121 1773 240 1837 Aelian.
258 1773 295 1834 Η.
312 1773 392 1837 Anu.
409 1774 453 1838 X.
469 1773 503 1840 2.
531 1773 599 1838 Non
621 1774 773 1837 mobilium
792 1774 929 1860 exempla
949 1774 1023 1839 baec
1041 1787 1129 1842 sunta
1163 1769 1165 1775 ’

40 1873 244 1958 εαλαδειρας,
267 1867 493 1956 πολυσπιλᾶς,
517 1868 702 1964 σανορμεὶς,
725 1873 918 1964 σαμφυγαές,
940 1877 1133 1967 χαλκεμβο-

41 1974 105 2056 .α’ς,
126 1970 351 2066 χαμαιεαααῖς,
377 1972 598 2066 αύρεοφοιτᾶς
624 1990 684 2045 ctc.
715 1979 820 2063 quibus
842 1979 870 2044 si
891 2000 1002 2065 genere
1023 1990 1132 2044 neutro

41 2101 101 2164 pus
121 2090 178 2155 est,
203 2083 369 2146 asccunda
387 2082 585 2148 declinatione
605 2081 745 2158 sumitur,
765 2073 1035 2170 φιλολαῖμπαδος,
1051 2074 1133 2168 α’δᾳ·

41 2182 103 2259 loa,
125 2181 282 2268 i‘adpdoc,
313 2205 445 2271 proquo
466 2185 633 2270 Aeschylus
662 2181 758 2271 coapto
779 2185 844 2249 sive
866 2183 965 2271 ἔαδᾳς
992 2183 1129 2248 retinuit.

41 2284 131 2369 leque
154 2306 244 2369 pauca
266 2307 283 2349 a
304 2285 486 2369 simplicibus
507 2277 668 2373 α’ῥρήτοις
690 2298 786 2349 ortum
809 2285 936 2364 babent,
960 2276 1131 2375 α’ποφραῖς,

41 2382 204 2466 iucundo,
226 2383 415 2468 κανασπιὶς,
436 2383 601 2468 ὁλοσπεὶς,
622 2379 823 2480 παρασπας,
850 2381 1003 2462 α’ποσταῖς
1024 2385 1043 2457 ὁ
1065 2412 1132 2476 φυ-

41 2485 97 2557 'cic’
117 2489 227 2554 Aesch.
252 2491 371 2576 Fragm.
395 2489 535 2553 LXXlll.
557 2486 723 2577 βοασταές,
744 2481 935 2575 παραστάς,
957 2486 1131 2579 χορευτάς,

41 2585 169 2675 rovedo,
198 2584 321 2680 ἐμβάς,
350 2589 518 2680 tarquitio,
554 2612 680 2675 quorum
707 2590 847 2676 pleraque
873 2592 1020 2677 adjectiva
1046 2600 1129 2670 sunt,
1199 2622 1202 2627 ·

42 2698 163 2762 ultimum
191 2696 375 2760 substantive
404 2694 559 2778 usurpavit
584 2693 694 2757 Paulus
723 2691 831 2758 Silent.
855 2692 964 2777 Ecpbr.
989 2692 1078 2780 Soph.
1101 2691 1127 2759 1.

42 2799 102 2865 75.
138 2794 243 2885 ὀρέων
269 2801 336 2884 μὲν
365 2793 558 2884 ἐπεμβαίδος
585 2790 661 2865 οὔτε
687 2795 829 2888 χατίζεις
861 2798 952 2870 (sicut
979 2796 1043 2873 illi,
1079 2796 1130 2883 qui

42 2905 119 2969 lasse
142 2903 347 2985 imposuerunt
369 2900 487 2984 Pelion)
509 2910 540 2964 ct
560 2898 599 2963 ll.
618 2898 693 2965 519.
717 2891 930 2988 λυκάβαντος
951 2891 1130 2988 ἕπεμβᾶδα

42 3006 55 3069 1
77 3015 125 3069 est
146 3003 409 3087 ‚consequutionem
423 3001 465 3087 ²).
510 3001 567 3066 Sed
593 2997 745 3091 λυκάβας
771 3001 867 3087 ipsum
894 3001 1011 3089 abhoc
1036 3001 1129 3066 verbo

42 3107 220 3190 ompositum
251 3126 318 3169 esse
349 3125 436 3168 nemo
466 3104 595 3169 adfirmet
624 3103 723 3188 paullo
754 3104 981 3167 consideratior.
1026 3101 1130 3189 Neque

43 3209 178 3273 tentione
208 3207 288 3292 digni
319 3206 370 3291 qui
399 3206 581 3271 bomcricum
611 3196 781 3291 turpanda
810 3205 1030 3270 substantivum
1061 3226 1129 3271 esse

43 3310 217 3375 cediderunt
241 3308 291 3373 vel
315 3331 333 3373 a
355 3311 455 3374 luturo
476 3302 567 3376 uduo
593 3308 785 3394 compositum
812 3306 863 3370 vel
886 3327 939 3391 pro
963 3301 1130 3394 αἀδρόὸα·

45 3435 76 3486 ες
97 3422 270 3496 usurpatum
291 3433 323 3475 v.
341 3411 480 3495 Apollon.
498 3410 577 3475 Lex.
612 3410 669 3475 Sed
687 3412 757 3496 jure
779 3407 837 3473 buc
856 3411 1030 3475 referuntur
1048 3402 1129 3483 circui·

43 3538 110 3595 ιας,
133 3509 285 3601 ἀδάμας,
308 3504 561 3599 κεκραξιδάμας,
582 3505 769 3598 λαοδάμας.
789 3508 1031 3598 λεοντοδάμας,
1052 3512 1129 3603 χαλ-

43 3609 195 3702 οδαὲμας,
218 3638 292 3701 quae
314 3616 383 3701 qnia
404 3625 436 3680 et
456 3615 686 3680 declinationem
708 3613 940 3678 masculinorum
960 3612 1129 3701 participio·
1187 3658 1191 3667 -

43 3771 234 3784 -ιι-

90 3872 120 3938 2)
138 3870 234 3925 Nomen
252 3872 366 3944 ε’πίβδασ
383 3876 428 3941 qni
445 3874 610 3940 interpretati
626 3879 688 3925 sunt
703 3866 838 3941 ἐπιβαῖδασ
853 3887 880 3924 v.
895 3870 996 3924 nunna.
1013 3871 1045 3922 atl
1058 3867 1125 3922 Tin.

44 3996 48 4010 .
69 3961 128 4015 120.
153 3976 186 4010 cr
203 3963 351 4013 accusativo
371 3961 465 4014 tertiae
482 3959 662 4043 declinationis
678 3949 806 4028 a'mdaida
826 3957 1009 4013 nominativum
1030 3956 1128 4023 primae

44 4043 123 4116 ιίβδα
141 4047 298 4099 elicuerunt.
778 4086 817 4151 ..ff
