2506 4492
264 111 323 180 un
352 73 514 182 uouru.
543 112 716 182 nouos.
745 113 784 181 c.
805 110 869 185 ιιι.
900 115 929 201 ρ.
951 112 986 184 a.
1118 114 1186 185 tor

10 382 12 389 Ι
69 291 142 360 itum
166 293 304 376 ducatur,
327 295 357 359 id
380 291 492 382 φρονῶ
514 292 731 370 esso-dehere,
753 304 861 381 tropen
881 292 1093 385 veroxrocalis
1108 277 1134 361 ἶ
1151 293 1185 359 in

14 434 17 441 ·
66 385 87 466 ο
110 397 227 461 nullam
249 397 365 461 admitti
389 395 450 460 nisi
470 396 503 459 in
524 394 663 482 synthesi
684 390 846 489 ορέφροιν,
871 390 1023 483 εὔφρων,
1049 390 1184 484 ἄφρων,

66 501 148 565 unde
175 519 264 584 quum
290 501 457 563 derivatum
483 508 565 562 esset
586 500 709 562 verbum
736 493 918 586 οἷφρονεῑν,
949 499 1037 584 hujus
1063 509 1185 563 contra·

65 604 147 668 rium
171 603 230 667 dici
253 615 406 691 φρονεῖν.
446 601 541 683 Supra
564 598 599 663 d.
620 599 644 662 l.
669 601 697 683 ς.
722 599 755 664 3.
779 601 843 665 dixi
866 622 961 687 genus
984 622 1052 666 esse
1074 621 1205 688 syncop

65 707 203 785 dromae,
227 727 286 790 quo
306 703 458 770 contraria
476 703 635 767 contrariis
657 703 873 780 assimilantur,
897 703 1041 788 attulique
1061 704 1184 769 nomina

65 818 97 872 et
123 810 220 872 verda
247 807 410 893 composita
436 827 478 870 ex
504 805 687 889 simplicibus
716 816 804 883 nata,
836 827 912 891 quae
934 807 1000 870 sine
1022 805 1083 869 illis
1105 825 1185 870 nun·

10 974 19 1001 ‚
65 929 155 995 quam
177 911 354 975 extitissent
373 901 791 996 odptflopto-dodpqicpta,
814 899 1184 997 οἱμοέρθαι-ἆνοιμοέρ-

63 1019 132 1080 θαι
161 1012 314 1077 Plutarch.
344 1012 381 1077 de
403 1010 484 1076 Plac.
510 1010 587 1074 Phil.
610 1011 636 1075 1.
666 1010 721 1076 27.
767 1009 873 1099 Neque
902 1011 1086 1076 contrarium
1114 1010 1183 1076 lieri

64 1135 156 1199 posse
178 1136 274 1199 nego,
308 1126 343 1178 ut
364 1134 577 1197 nonnunquam
605 1113 776 1198 compositis
805 1125 911 1178 contra
937 1124 1088 1200 ponantur
1110 1112 1183 1178 sim·

65 1218 177 1304 plicia,
210 1219 268 1282 etsi
297 1216 467 1301 exemplum
495 1217 580 1280 deest
607 1226 728 1301 practer
751 1216 823 1280 illud
852 1211 1061 1284 οὐδέν-δέν.
1104 1214 1182 1280 Nam

62 1323 183 1397 coniti,
208 1342 265 1405 quo
288 1342 361 1384 usus
383 1341 448 1384 sum
472 1319 508 1382 ad
529 1320 586 1404 Aj.
604 1340 633 1403 p.
655 1316 709 1382 81.
734 1339 843 1382 vanum
867 1329 914 1383 est
935 1319 1079 1383 Harduini
1101 1338 1181 1383 com·

64 1434 222 1499 mentum,
255 1423 389 1507 quodque
417 1420 592 1485 Eustathius
620 1421 692 1484 dicit
726 1443 757 1505 p.
783 1419 885 1498 1893,-
913 1419 967 1486 30.
1004 1417 1022 1488 ὁ
1051 1415 1182 1508 α’θομέ-

62 1550 161 1616 cccco
190 1521 391 1613 ἀφαιρεθεὶς
421 1519 486 1609 τήν
520 1520 672 1609 κεφαλήν
702 1519 861 1590 &macelot
889 1519 950 1590 οόν
981 1522 1181 1610 Θεμίστιον,

57 1629 160 1716 jocari
185 1630 317 1693 videtur.
364 1627 421 1691 Sed
453 1639 612 1712 φρονεῖν,
641 1627 766 1690 verbum
791 1627 1019 1690 usitatissimum
1047 1638 1079 1690 et
1102 1627 1181 1691 anti·

62 1731 260 1816 quissimum,
287 1749 329 1794 ex
350 1726 517 1816 οἷ’φρονιῑν
539 1739 638 1792 ortum
661 1750 729 1817 esse
751 1730 832 1793 dictu
854 1729 999 1806 arduum3
1031 1748 1180 1813 quumque

62 1826 157 1920 φρήν
179 1834 276 1898 solum
298 1834 340 1896 sit
359 1831 650 1917 monosyllaborum,
672 1832 747 1916 quod
769 1833 802 1894 in
824 1831 953 1896 transitu
978 1830 1113 1896 vocalem
1135 1831 1179 1896 bi·

63 1935 264 2022 syllaborum,
288 1935 465 2022 (πατέρος,
487 1930 621 2020 α’νέρος)
643 1935 705 1999 ritu
725 1931 886 2018 corripiat,
906 1932 1045 2019 idemque
1068 1932 1178 2009 solum,

64 2040 146 2124 quod
174 2060 216 2102 ex
243 2059 277 2102 sc
306 2048 338 2102 ct
364 2040 489 2103 verbum
516 2038 676 2123 progignat
704 2048 736 2102 et
764 2036 985 2101 substantivum
1014 2029 1179 2122 (φρόνις),

62 2164 126 2206 non
149 2141 272 2204 nimium
295 2141 381 2204 nobis
403 2161 546 2224 arrogare
567 2141 717 2220 videmur,
746 2139 773 2204 si
792 2125 815 2207 o
837 2140 954 2204 micron
982 2138 1179 2225 hujus.verhi

66 2254 213 2308 consueta
235 2243 371 2327 enallage
393 2264 434 2306 ex
452 2230 475 2308 ἶ
494 2242 622 2326 genitivi
644 2242 783 2306 extitisse
806 2242 1031 2318 contendimus,
1057 2263 1098 2307 ex
1120 2264 1178 2327 quo

61 2346 284 2430 adcomposita
307 2366 423 2430 quoque
443 2345 621 2409 translatum
641 2355 701 2420 est,
725 2337 857 2430 ἄφρων,
879 2338 1015 2431 εὔφρων
1037 2357 1072 2409 ut
1090 2339 1178 2414 οἷποέ-

64 2472 153 2534 οωρ,
176 2441 339 2535 έιμήτωρ.
381 2443 527 2534 Ἠνορέορ
548 2447 723 2532 Apollonius
745 2467 787 2509 ex
808 2442 969 2568 εὐηνορέη
992 2447 1194 2527 ιίοοιιιῑαῑιιιιιι

61 2564 169 2638 putat3
202 2573 271 2615 nam
294 2552 329 2614 ab
354 2547 474 2637 α’νέρος
501 2549 688 2613 formandum
715 2548 810 2613 fuisse
833 2542 953 2634 οἷνερια
980 2547 1031 2612 vel
1052 2549 1089 2611 ab
1113 2541 1179 2615 οἷν-

62 2649 286 2744 δρόςόἷνέρέα
307 2664 343 2716 ut
362 2654 399 2718 ab
421 2651 561 2740 αἰθέρος
583 2650 734 2737 αἰθερία.
768 2650 810 2715 At
832 2651 897 2735 quis
919 2651 1027 2716 audeat
1049 2651 1178 2716 vocabu·

62 2759 127 2822 lum
155 2757 242 2841 plane
272 2757 444 2840 singulare,
478 2767 509 2822 et
531 2748 759 2841 οἷπαρέθενον
787 2755 848 2837 sub=
869 2754 998 2819 formula
1019 2755 1179 2841 judicare?

64 2861 272 2925 Concedamus
286 2859 443 2934 Eustathio
462 2883 492 2947 p.
508 2857 584 2935 826,
603 2857 656 2923 56.
678 2852 771 2945 ἤναρ
791 2858 890 2934 fuisse,
902 2851 1066 2944 οἵῤῥητον,
1084 2878 1177 2941 quan-

64 2985 156 3049 quam
178 2961 402 3056 affcrrippotest
429 2973 460 3026 et
482 2961 624 3049 Hesychii
648 2960 851 3039 testimonium
866 2953 984 3045 Ἢναρ
1007 2954 1120 3048 ἅρχων
1147 2970 1178 3026 et

63 3064 229 3131 similitudo
258 3065 388 3128 nominis
417 3060 569 3152 φρήτορ,
600 3064 651 3128 sed
681 3063 754 3127 illud
778 3075 878 3128 tamen
900 3062 986 3126 nohis
1014 3063 1090 3147 eripi
1116 3083 1177 3127 non

64 3168 233 3254 patiemur,
263 3169 298 3232 ab
323 3158 409 3254 οἷνήρ
432 3164 569 3253 ήνέρος,
598 3176 634 3230 ut
660 3161 725 3253 οἷήρ
746 3161 862 3251 ἠέρος,
892 3175 924 3229 et
944 3175 1057 3230 mutata
1079 3163 1178 3231 vocali

62 3264 190 3358 ήνόρος
213 3271 358 3334 declinari
380 3270 532 3355 potuisse,
563 3270 641 3333 nndc
663 3265 773 3354 pendet
794 3266 1015 3354 Hesychianum
1037 3263 1178 3356 α’νόρεοο

64 3371 223 3464 οἷνέροῖος
246 3357 472 3457 copulatumque
496 3367 732 3459 dmepqudqacc.
773 3371 813 3434 Et
832 3382 867 3434 ut
889 3368 964 3434 nihil
985 3371 1111 3436 istorum
1133 3371 1177 3436 di·

65 3488 148 3542 ctum
176 3477 234 3553 sit,
268 3477 397 3539 fortasse
422 3477 487 3560 ipsa
511 3474 741 3559 compositorum
768 3475 864 3537 forma
890 3473 989 3538 animo
1016 3473 1178 3560 anticipas

65 3579 234 3644 derivatum
256 3573 411 3666 α’νόρεος,
435 3574 560 3664 ἠνορέη
568 3624 577 3658 ,
605 3576 639 3640 in
661 3577 708 3640 sui
730 3575 954 3640 similitudinem
978 3576 1091 3656 traxit3
1125 3596 1176 3641 cu·

59 3685 115 3771 jus
140 3682 285 3767 prolepsis
311 3681 450 3766 exempla
474 3681 587 3764 aliquot
610 3681 690 3745 iufra
713 3679 927 3764 producemus3
964 3680 1050 3764 cique
1076 3680 1176 3763 conje-

65 3798 172 3850 cturae
199 3785 255 3849 hoc
276 3785 396 3879 facilipp
416 3782 638 3868 indulgebitur,
670 3782 746 3866 quod
768 3802 786 3846 a
809 3781 892 3846 nullo
913 3781 972 3846 alic
1001 3779 1121 3844 nomine
1143 3780 1175 3846 in

64 3875 111 3977 ἦρ
137 3899 271 3953 excunte
298 3874 450 3972 priillitivc
478 3884 698 3951 substantivum
724 3883 757 3948 in
774 3868 815 3952 ἰα
840 3883 992 3959 nascitur,
1023 3884 1073 3962 ad,
1089 3884 1175 3969 cujus

65 4013 203 4057 normam
233 3990 306 4055 illud
337 3991 432 4075 possit
460 3988 563 4075 exigi3
607 3993 677 4052 nam
706 4008 781 4072 quae
809 3984 985 4072 Apollonius
1014 3998 1173 4064 memorat,
