2506 4492
70 159 141 230 tto
245 144 254 164 '
427 151 745 234 htssttttrnrto
773 152 819 230 ll.

68 342 168 427 προΐξ
189 331 375 401 contraitum
396 345 454 400 est.
498 334 725 422 Eustathinsp.
749 335 825 413 321,
848 333 902 400 44.
934 328 1051 455 ‘mh’
1027 331 1101 402 από
1120 335 1176 403 νοῶ

70 439 186 530 στείχοι
216 436 271 505 δια
300 431 456 528 διχρόνον
482 429 744 525 παραγόμενον,
773 438 847 506 ἐπεὶ
867 436 954 524 μογόὲ
955 461 976 504 ν
982 432 1117 525 ὄνομα
1135 442 1176 513 εἰς

70 543 264 631 δίφθογγον
285 532 377 628 λήγει
400 566 487 626 μετα
480 537 633 608 διπλοῦ
654 537 813 622 ῶπαθῶς,
844 538 895 607 διό
913 537 1017 607 ναὶ
993 566 1016 627 νγ
1038 539 1103 626 τῆς
1122 564 1177 661 γν-Ι
1220 562 1222 581 ¹

69 642 185 719 ναικός
209 640 330 710 εὐθεῖα
353 641 535 732 σεσίγηται,
557 670 579 729 η
571 641 638 710 ‘de'
657 669 696 732 γε
716 651 816 730 προῖξ
837 644 909 729 (sie)
931 643 988 710 καὶ
1004 669 1027 729 νγ
1019 640 1138 722 ‘uid'
1116 639 1178 710 από

72 747 293 833 συναιρέσεως
319 750 384 836 ἔχει
404 746 465 820 τοὶς
487 738 707 833 όιφθόγγονς.
749 747 853 830 Neque
868 767 1030 830 paucorum
1045 758 1095 811 est
1112 746 1178 811 haee

72 851 172 936 opinio
202 851 254 915 sed
276 849 341 913 fere
362 850 395 912 in
417 849 525 932 vulgus
546 860 684 933 recepta,
713 848 813 936 προίξ
834 850 963 914 indidem
986 851 1179 934 compositum

71 942 152 1035 asso,
176 954 254 1017 unde
275 956 484 1040 προΐοσογιαι
505 950 672 1036 clariusque
701 973 786 1034 quatu
816 952 941 1015 latinum
965 973 1075 1037 prae,
1108 952 1180 1022 unde

71 1057 198 1121 oriunda
226 1065 298 1119 sunt
325 1075 443 1139 γνοοιισ
474 1065 505 1117 et
526 1074 670 1138 γινοοσν,
708 1054 834 1138 originis
870 1068 971 1118 notam
1007 1055 1177 1118 ostendere.

71 1159 130 1223 Sed
151 1159 187 1222 ah
210 1157 266 1220 hoe
287 1154 420 1220 absoleto
443 1157 473 1233 ἴξ
494 1155 560 1219 sive
582 1155 643 1233 ἷξις
669 1158 862 1241 compositum
883 1162 981 1243 προΐξ
1000 1167 1107 1222 utrum
1122 1176 1180 1220 ser·

71 1254 301 1327 vet'aeeentum
326 1258 467 1344 simplieis
493 1278 532 1320 an
554 1257 689 1322 retrahat
715 1281 751 1323 ao
779 1261 902 1344 proinde
928 1257 1028 1348 προίξ
1050 1260 1180 1323 seriben-

70 1363 139 1426 dum
167 1363 272 1426 sitan
301 1366 410 1450 προῖξ,
439 1361 542 1423 eadem
568 1371 620 1424 est
639 1362 785 1444 quaestio,
816 1384 891 1445 quae
921 1363 958 1424 de
985 1358 1134 1448 όιῶοφαξ
1154 1371 1180 1425 et

71 1457 215 1551 διασφῶξ
237 1465 430 1548 omnibusque
452 1463 592 1527 similiter
614 1464 785 1547 compositis
806 1466 949 1549 agitatur.
991 1463 1180 1549 Properispa·

70 1568 113 1634 sis
141 1567 303 1632 aecusativi
324 1579 463 1653 προῖκα,
494 1587 581 1650 quem
611 1571 645 1633 οἱ
668 1561 788 1641 Ἴωνες
819 1565 1030 1654 διαιροῦντες
1056 1559 1178 1654 πρόὶιια

69 1671 204 1760 λέγουσι
225 1671 326 1756 Etym.
345 1670 392 1733 M.
423 1668 499 1745 495,
531 1667 584 1734 32.
616 1669 728 1734 nullius
758 1670 884 1733 habetur
910 1671 946 1733 ad
976 1669 1179 1755 probationem

70 1774 233 1850 momenti3
262 1795 330 1837 nam
352 1774 431 1837 idem
454 1782 501 1836 est
522 1783 663 1835 accentus
683 1772 922 1836 aecusativorum
936 1770 1087 1860 βεβῶτα,
1109 1794 1180 1857 νερ-

70 1876 189 1968 χνῇδα,
211 1876 327 1963 ulida,
352 1875 472 1962 πρῶνα
496 1884 555 1937 eto.
580 1893 654 1956 quae
678 1895 765 1937 nemo
787 1875 831 1938 sie
850 1886 883 1938 nt
899 1875 1077 1960 Bernhardy
1095 1873 1180 1939 seivit

69 1981 107 2044 ad
129 1981 219 2044 Dion.
243 1999 273 2062 p.
288 1976 363 2041 868.
388 1977 521 2040 seribere
542 1977 674 2040 animum
696 1976 829 2040 inducet.

162 2077 216 2147 Tol
245 2083 292 2154 εἰς
315 2066 374 2157 ὀἶ
397 2074 538 2148 ἅπαντα
565 2077 619 2145 dod
647 2078 710 2144 ποῶ
741 2065 976 2167 ῶγρῶιγιπαι,
1004 2076 1098 2167 πλήν
1120 2077 1178 2146 uod

71 2175 152 2272 φλόξ
172 2184 274 2268 Etym.
300 2181 376 2245 Gud.
401 2180 475 2257 554,
506 2178 559 2244 58.
589 2182 640 2245 ubi
670 2182 784 2245 excidit
810 2183 867 2249 uel
894 2184 956 2251 νοῶ
977 2175 1079 2269 πρόξ,
1107 2183 1178 2268 quod

70 2286 271 2351 Grammatico
293 2283 429 2369 ignotum
451 2305 518 2349 esse
540 2305 601 2348 non
622 2285 729 2367 potuit,
754 2305 850 2368 neque
872 2286 1126 2368 praetermittitur
1145 2287 1178 2350 ab

69 2389 239 2453 Herodiano
261 2409 307 2472 ap.
324 2388 564 2473 Eustathiump.
583 2385 677 2462 1922,
701 2384 733 2450 8
759 2386 955 2466 σπανίζεται
976 2387 1019 2456 τοὶ
1042 2387 1098 2456 dcol
1121 2387 1179 2456 ‘cod

69 2477 225 2580 οξφλόξ,
258 2487 358 2577 πρόξ,
389 2492 494 2574 quibus
516 2490 724 2574 theognostus
746 2489 784 2553 ll.
808 2489 862 2556 49.
887 2491 968 2554 addit
993 2484 1090 2578 κρόξ,
1120 2494 1178 2556 for·

70 2606 152 2660 tasse
175 2594 325 2681 Hesyehio
347 2615 418 2657 usus
440 2604 563 2657 auctore
592 2588 686 2679 Κρόξ
706 2590 839 2677 κρόκος,
867 2593 917 2657 vel
944 2594 1013 2678 quia
1034 2595 1178 2659 Hesiodus

70 2692 176 2783 κρόκα
201 2698 279 2759 dixit
300 2717 353 2779 pro
379 2688 515 2781 κρόκην,
538 2693 696 2777 Antipater
713 2695 820 2759 Thess.
845 2688 958 2782 νρόιιες
980 2718 1034 2779 pro
1054 2689 1178 2785 νρόιιαι.

68 2799 261 2864 Nominativo
283 2789 366 2883 πρόξ
395 2796 443 2860 usi
471 2805 542 2858 sunt
568 2795 746 2860 Aristoteles
769 2798 804 2860 de
831 2797 912 2862 Part.
941 2799 1044 2864 Anim.
1069 2800 1178 2881 1V22.

68 2923 98 2987 p.
123 2898 200 2977 676,
222 2899 277 2966 27.
304 2899 383 2962 ttist.
406 2898 506 2961 Anim.
532 2896 570 2960 ll.
597 2896 648 2960 15.
673 2920 702 2981 p.
719 2897 793 2975 596,
816 2899 871 2965 22.
894 2899 997 2966 Schol.
1019 2902 1122 2986 Apoll.
1140 2903 1174 2966 ll.

68 3003 145 3072 279.
170 3003 276 3068 Suidas
299 3024 325 3066 s.
350 3000 380 3063 h.
405 3022 437 3064 v.
462 3011 494 3063 et
515 3021 541 3064 s.
567 2992 702 3086 Πρῶνα,
731 3000 813 3065 nulla
844 3025 910 3066 oum
941 3005 1064 3088 generis
1095 3015 1177 3068 nota·

68 3107 172 3185 tione3
208 3128 261 3191 pro
291 3106 347 3170 hoo
376 3107 465 3169 etiam
488 3100 586 3189 προίξ
607 3104 664 3167 diei
686 3114 815 3185 testatur
831 3106 933 3191 Etym.
954 3107 997 3170 M.
1022 3105 1101 3184 689,
1126 3105 1174 3172 15.

69 3208 147 3293 quod
168 3207 201 3271 in
223 3209 386 3292 eomposito
407 3203 666 3293 Προικόννησος
688 3219 809 3290 apparet
829 3231 860 3274 v.
879 3209 1015 3273 Wessel.
1034 3194 1077 3273 *ad
1090 3209 1175 3275 Diod.

70 3309 155 3374 Xlll.
180 3308 234 3375 49.
259 3311 406 3397 lirueger.
431 3312 468 3377 ad
488 3311 614 3396 Dionys.
640 3312 676 3375 de
698 3311 792 3375 Thue.
816 3333 846 3396 p.
866 3309 919 3375 69.
944 3312 1123 3400 Bernhardy
1142 3312 1178 3377 ad

67 3411 158 3479 Dion.
189 3435 218 3498 p.
239 3412 323 3480 923.
377 3414 453 3478 Cum
487 3414 662 3497 metaplasto
693 3409 813 3500 νρόνα,
848 3409 979 3502 νρόκες,
1016 3417 1177 3479 maximam

69 3514 294 3581 simihtndinem
315 3516 403 3580 hahet
424 3509 525 3590 πόνος
545 3516 640 3580 Arist.
654 3517 750 3581 llann.
773 3515 846 3582 186.
870 3515 921 3591 τίς
940 3521 987 3590 εἰς
1012 3516 1052 3584 τό
1067 3511 1177 3604 λήθης

69 3616 189 3686 πεδίον
209 3616 232 3704 ἢ
254 3623 302 3693 εἷς
323 3613 407 3686 όνον
420 3612 538 3700 πόκας,
551 3640 636 3702 ροσε
650 3642 775 3704 graecus
789 3622 938 3704 interpres
954 3621 996 3684 ita
1017 3621 1174 3685 edisserit=

70 3718 229 3809 φαίνεται
249 3721 474 3807 παροιμιῶδες
496 3722 586 3788 εἶναι
607 3716 690 3788 όνον
711 3720 820 3789 πόκον
842 3722 880 3790 τό
903 3718 1092 3812 ῶχριγσσον·
1122 3718 1175 3790 ον’·

70 3823 128 3892 <tto
148 3820 212 3916 γῶρ
235 3828 271 3891 αἱ
291 3823 353 3891 ποῶ
375 3819 458 3892 όνον
479 3817 580 3898 πόνες
600 3822 852 3916 χρησιμεόοοσι.
897 3827 954 3890 Sed
975 3829 1174 3892 Ruttmannus

71 3925 203 3992 Granum.
228 3928 256 4011 §.
277 3925 329 3992 56.
353 3925 432 3991 Adn.
452 3927 504 3992 13.
528 3928 626 3992 locum
644 3929 798 4014 Utopieum
815 3929 994 4014 probabilius
1018 3930 1098 3994 asini
1111 3940 1176 3993 ton·

67 4051 168 4094 suram
191 4021 322 4118 (πόιαι)
347 4052 435 4116 quam
456 4031 533 4095 asini
556 4031 653 4096 vellus
675 4032 741 4097 sive
763 4031 872 4097 floooos
893 4028 1023 4118 (πόνοι)
1050 4033 1109 4097 diei
1127 4034 1177 4118 ju·
