2506 4492
264 170 324 243 nn
351 136 516 245 333333.
546 175 717 243 nouos.
749 174 788 241 o.
807 175 832 241 1.
862 175 891 261 3.
915 176 947 242 3.
1114 175 1160 243 as

63 342 167 446 obolon
183 356 302 422 fruetus
319 340 523 432 succulentus,
541 348 684 443 θεωρός,
701 351 850 443 «inopie,
865 353 1015 442 cotopcc
1031 378 1063 421 v.
1078 355 1157 419 Ado.

62 461 91 524 33
104 461 152 545 sj.
168 481 198 544 p.
215 457 290 523 404.
304 461 349 543 ¹⁸)
369 459 425 523 boc
444 469 477 522 nt
494 481 512 522 a
531 452 636 544 λα’στη
655 452 777 544 (πόρνη
791 460 938 545 Hesyeh.)
957 450 1159 544 λάσταυρος,

59 557 234 649 abripiaris
256 555 437 648 ci'yhoupog.
479 561 593 624 Dehine
614 575 818 648 concupetoo
839 561 924 645 alpha
946 572 1083 646 correpto
1099 561 1156 645 ι9).

58 663 164 745 Quodsi
183 663 337 748 primitivo
358 657 420 738 colo
444 664 509 729 sive
531 659 613 737 oncle
637 665 740 727 eadem
763 664 918 728 tribuendo
944 677 990 728 est
1011 665 1157 739 brevitas,

54 766 126 831 band
148 777 380 832 controversum
402 768 477 842 crit,
509 766 580 850 quin
603 778 724 852 propter
749 767 923 830 tenuitatem
949 767 1158 831 inconcinnam

53 868 87 934 ab
113 868 352 954 elegantioribus
380 869 575 952 scriptoribus
602 870 787 953 repudiatum
815 868 866 931 sit.
913 866 1012 955 Verbo
1040 879 1160 952 tangam

51 962 112 1059 yc'c
131 971 210 1055 apud
232 970 433 1035 Herodianum
456 973 606 1037 333133.
628 982 658 1055 p.
676 970 707 1046 7,
729 969 780 1034 16.
804 970 848 1057 γῆ
869 969 925 1038 ool
947 963 1010 1058 yc'e
1030 971 1160 1055 εἴρηται

51 1072 107 1141 oct
129 1071 191 1160 333
216 1072 274 1138 καὶ
298 1085 379 1159 γαῖα
404 1072 461 1141 καὶ
485 1072 564 1152 cto,
595 1073 703 1136 vitiose
728 1072 870 1156 scriptum
895 1073 945 1136 vel
967 1095 1020 1158 pro
1041 1072 1083 1139 bot
1110 1071 1160 1135 vel

51 1192 104 1261 pro
125 1167 233 1262 ysico,
264 1176 341 1257 qnod
363 1175 530 1261 Hesychius
552 1175 768 1258 interpretatur
789 1175 922 1264 χέρσος,
950 1176 1012 1264 γῆ,
1044 1175 1159 1260 (lregm
1186 1232 1188 1237 .

51 1278 114 1342 rius
141 1271 249 1365 γυνή,
286 1277 331 1341 sic
359 1278 495 1341 utilem
523 1298 632 1340 nomen
660 1287 691 1340 et
718 1277 897 1361 frugiparam
926 1290 958 1342 et
983 1297 1159 1363 puerperam

51 1379 239 1465 significasse
260 1391 411 1464 appareat.
428 1418 472 1427 —
492 1379 620 1443 Nomina
641 1379 672 1441 in
693 1363 734 1464 ᾗ
754 1380 893 1464 pleraque
916 1381 1089 1464 complexus
1112 1392 1160 1445 est

51 1472 279 1577 9333331οῷ33
305 1504 334 1566 p.
361 1479 455 1545 1188.
487 1481 614 1565 primum
643 1480 700 1544 duo
728 1481 936 1566 porispomene
960 1483 1157 1569 parisyllebee

51 1578 262 1649 declinationis
283 1579 418 1670 ὁΔρῆς,
443 1584 518 1668 qnod
541 1583 631 1645 etiam
653 1584 688 1645 ab
705 1583 807 1669 Etym.
822 1584 864 1647 M.
887 1583 1012 1648 affertur
1032 1606 1061 1669 p.
1080 1584 1156 1662 635,

51 1686 244 1753 29313333.
271 1686 372 1749 Cram.
395 1686 432 1749 Τ.
456 1684 480 1747 l.
506 1683 580 1749 389.
614 1695 647 1750 et
672 1679 690 1747 ὁ
717 1683 826 1768 Τρῆς,
858 1704 933 1768 qnae
957 1686 1045 1751 unica
1070 1687 1158 1770 hujus

52 1789 274 1854 terminationis
301 1787 439 1871 exempla
467 1808 534 1851 esse
562 1786 651 1864 licit3
687 1795 750 1848 tum
779 1796 930 1871 oxytona,
962 1808 1036 1871 quoe
1063 1789 1157 1872 magis

52 1890 108 1955 huo
136 1887 310 1975 pertinent:
352 1884 493 1976 33320),
522 1881 620 1975 Κρής
635 1889 702 1970 21)‚
731 1883 818 1973 chale,
848 1880 940 1974 Γνής
966 1889 1022 1956 333-1
1042 1883 1159 1978 Ἴγνης

53 1988 325 2080 ὥσπερἝγκρης
347 1993 451 2073 (scrib.
473 1988 683 2077 Ἐτεόκρης).·
712 1989 887 2074 Apollonius
909 2012 986 2056 vero
1005 1993 1040 2057 de
1063 1992 1154 2056 Pron.

52 2116 79 2180 p.
101 2094 178 2161 329.
204 2117 251 2180 sq.
276 2090 395 2182 ‘'Iyooyc'
420 2095 524 2179 spiritu
550 2115 657 2178 aspero
679 2104 762 2157 notat
786 2105 821 2158 ut
840 2115 859 2157 3
879 2095 1054 2180 pronomine
1077 2114 1158 2159 oom-

53 2199 190 2282 positum.
226 2197 280 2260 His
300 2197 365 2260 eddi
383 2197 493 2282 poterit
509 2189 593 2284 Zp'c,
616 2217 674 2281 quo
691 2195 878 2282 Pherecydes
900 2218 973 2262 usus
995 2219 1048 2283 pro
1066 2192 1157 2273 Ζεύς

117 2428 161 2498 18)
173 2432 319 2501 Hesychius
330 2414 621 2501 Κεωρεῗνῇασχήτιᾷν,
634 2431 711 2483 serib‘.
723 2420 846 2497 uvsospalb
855 2431 874 2480 i·
885 2441 909 2496 q.
919 2427 1029 2496 κνησιᾷν
1040 2431 1153 2495 prurire.

116 2518 162 2579 193
187 2518 251 2569 Cum
271 2509 351 2582 3333,
376 2515 459 2580 cclcc,
484 2522 601 2580 corium,
627 2521 747 2566 scortum
768 2514 922 2565 conferenda
938 2504 1054 2582 μάσθλη
1072 2514 1096 2563 id
1115 2522 1156 2564 cst

53 2598 152 2705 Hippea,
176 2600 306 2672 μάσθλης
327 2605 463 2666 exoletus,
485 2597 620 2670 toydoov
643 2601 762 2669 paleare,
786 2592 871 2698 bpyoie
893 2589 1000 2667 πόρνη,
1026 2595 1157 2667 13331333

53 2682 163 2757 πόρνοι,
187 2686 306 2758 loiycooc
327 2693 437 2755 scepeia
459 2686 560 2756 μα’στιξ
584 2686 625 2754 (ut
648 2680 813 2755 peioblps‘
796 2705 811 2738 o
832 2683 994 2754 μεμαλαγμέ
994 2703 1039 2738 333
1060 2681 1154 2752 λῶροι)

53 2776 140 2841 pnihns
158 2762 314 2842 resp'onclent
330 2776 411 2826 verba
429 2777 534 2842 depsere
558 2782 585 2825 et
603 2772 736 2838 subigere,
762 2758 830 2823 3333
849 2757 970 2823 subactus
990 2755 1085 2822 dicitur
1107 2775 1153 2838 prb

53 2862 133 2922 nolli,
153 2860 265 2928 pathieo
293 2858 389 2925 Regum
406 2852 557 2930 Cypriorum
576 2859 749 2926 speculatores
767 2855 794 2909 ct'
811 2866 948 2909 otocnstae
959 2851 1154 2926 opopclbayyea

54 2945 105 2998 sive
117 2944 308 3016 orpopcallotyyoc
325 2946 419 2997 Athen.
436 2945 479 2998 Vl.
496 2948 555 3002 256.
576 2946 699 2998 simillimi
718 2945 861 2996 Siculorum
879 2952 1047 3013 tyrannorum
1064 2960 1154 2994 otora-

54 3030 173 3103 scythae
195 3048 223 3083 v.
243 3032 336 3097 culp.
356 3049 385 3099 p.
402 3033 461 3084 399.
482 3041 538 3084 333
555 3035 584 3089 2.
607 3032 717 3083 sortasse
735 3032 767 3082 nb
785 3031 913 3082 illecebris
932 3029 1041 3079 lenoniis
1061 3043 1151 3078 nornen

56 3118 133 3186 telephi
150 3126 224 3170 sunt.-
259 3112 403 3187 Hesychius
421 3114 672 3186 Προμαλχατεῦειν,
688 3113 915 3183 μετατροπιὺιιν·
941 3115 1025 3166 nescio
1044 3129 1076 3165 nn
1094 3134 1152 3181 μα-

56 3198 205 3273 espossiae
222 3204 371 3270 scripserit,
399 3205 424 3254 id
443 3211 483 3254 est
504 3222 713 3274 npoopoayeoecv.
749 3191 788 3253 A'o
807 3200 1016 3288 significationem
1034 3202 1106 3252 flocci
1124 3208 1152 3253 e't

58 3291 139 3341 exoleti
158 3290 236 3341 etiem
255 3284 382 3359 3333333
400 3290 455 3340 sive
472 3282 596 3358 μα’ραινα
613 3291 723 3355 scopato
739 3284 853 3356 μα’στιξ,
872 3291 1013 3356 μα’ραίιω,
1039 3288 1148 3348 3333333,

58 3375 182 3449 cnvenire
199 3370 332 3425 hibentur.
689 3442 708 3449 Η
1165 3401 1169 3410 ·

113 3453 547 3528 293Ρ3333333ἧ333713333133.
565 3459 595 3510 H.
613 3459 651 3511 Pl.
668 3448 714 3511 lX.
733 3460 779 3519 ll,
799 3458 840 3511 ll.
861 3458 1030 3514 Schneiderus
1048 3459 1074 3509 in
1093 3458 1149 3527 Syl·
1230 3505 1234 3514 ,

59 3539 104 3595 hho
120 3561 146 3612 p.
159 3544 272 3597 XXXll.
293 3563 327 3597 ex
342 3545 465 3597 Urbinate
483 3546 558 3597 affert
574 3543 637 3598 3333
655 3547 723 3609 ocis,
741 3545 787 3596 scol
804 3545 830 3594 in
842 3543 949 3596 Auctor.
963 3545 1048 3596 Lectt.
1064 3562 1089 3612 p.
1104 3546 1146 3598 74.

61 3632 183 3683 caconem
200 3648 262 3685 τοι-3
279 3628 334 3699 σῆς.
365 3628 401 3684 Οἱ
415 3629 622 3698 σῆτιιΜ33333.
642 3631 746 3729 Frngap.
764 3630 817 3680 lne.
836 3629 894 3681 Xll.
917 3632 976 3684 198.

115 3716 159 3782 bl)
176 3717 299 3787 Aeschyl.
308 3717 414 3782 Frngm.
411 3717 504 3769 173.
474 3715 540 3787 3γώ
553 3733 626 3787 pessos
637 3721 689 3782 μέν
700 3711 839 3786 &pompeo
852 3696 1020 3784 oipplorcnot,
1032 3715 1147 3767 363333-

61 3801 138 3853 nauco
154 3803 263 3855 affertur
281 3811 407 3870 tanquam
422 3803 529 3852 similc'
523 3803 613 3852 mnieis
631 3796 852 3871 α’φθονέστατοι,
875 3797 1070 3857 alteroccam.
1100 3801 1146 3850 His
1178 3865 1181 3872 ,

62 3884 129 3939 mue
150 3881 219 3941 foret
241 3885 450 3957 αρχαιέστατόι,
477 3890 543 3955 quod
565 3895 646 3938 metro
670 3878 811 3954 repugnet}
842 3884 1005 3955 cipylocciot
1025 3902 1073 3936 non
1094 3893 1143 3935 est.

62 3965 207 4041 brompton
221 3972 297 4044 Κρηι
313 3971 492 4042 α’ρχὲστρατοι
509 3974 588 4025 scribi
606 3981 720 4044 oportet,
739 3990 787 4024 non
805 3968 857 4044 cipp
859 3978 971 4028 ἕστατον
986 3979 1018 4022 ut
1032 3969 1148 4035 Reisigio

62 4055 131 4109 tisun
146 4075 187 4127 ap.
206 4060 333 4112 Weninm
347 4062 380 4112 33
397 4060 485 4125 Antig.
505 4061 536 4112 T.
556 4059 588 4112 H
608 4076 638 4128 p.-
654 4059 700 4112 79

88 4142 332 4214 1333333333.-
915 4134 939 4202 9
