2506 4492
245 122 304 189 nn
334 123 523 193 lnrncr.
558 125 770 195 runcum.
804 127 840 195 c.
864 128 903 195 n.
934 130 962 216 ς.
987 129 1018 233 t.
1104 132 1177 207 εοσ

66 305 147 370 tium
169 323 217 393 eu,
241 325 367 388 quornm
388 304 581 392 penultimam
604 307 671 371 linit
691 308 804 374 voculis
825 309 947 388 brevis,
970 308 1103 377 ultimum
1126 332 1176 378 or·

67 409 154 473 ditur
180 428 330 471 consona:
354 408 481 496 πέπαρ,
505 409 655 497 σθέναρ,
675 402 777 498 νύαρ,
805 405 908 500 ὄναρ,
940 413 1046 502 quibus
1067 414 1175 479 desunt

65 510 150 596 ἔθαρ
170 511 236 575 sive
257 509 374 597 εἶδαρ,
403 510 530 599 θέναρ,
550 514 608 577 nisi
632 514 771 579 mendose
795 513 936 600 scriptum
958 525 1005 578 est
1032 514 1174 602 οθέναρ,

67 615 148 698 qnod
164 624 246 677 certe
262 614 437 677 sumendum
455 614 490 677 de
512 615 601 678 tertio
615 609 710 702 νύαρ.
755 617 867 698 Quarto
882 617 967 680 loco·
990 611 1174 706 δισύλλαβα

67 715 120 783 ἐνὶ
143 716 213 782 τῶν
234 709 330 802 φύσει
347 716 489 841 μακρῶν
510 713 774 808 παραλργόμενα
794 711 922 786 σπανιύ
938 724 1040 786 ἐ.στιν
1067 714 1175 788 Ἔστι

66 842 133 907 yup
156 819 194 885 nd
213 817 318 904 ἧπαρ,
341 812 447 909 ἦμαρ,
467 842 593 905 νακαρ,
614 821 753 908 μώμαρ,
778 824 831 887 scd
845 821 953 889 ottcus
971 832 1019 885 est
1032 821 1174 888 srmrlrnm

67 920 189 1008 νῆδαρ,
210 921 336 1010 μῆχαρ,
357 916 485 1009 κύρηαρ
508 934 538 986 et
558 923 686 1010 λύφαρ
731 924 907 1006 Quinto
861 950 906 1012 τῳ
925 947 947 990 u
979 918 1174 1013 παραληγύ-

66 1048 162 1112 μενα
180 1022 258 1145 τρία
282 1022 384 1105 ἐστίν,
405 1020 509 1110 ύπαρ,
531 1026 642 1111 πύαρ,
667 1028 797 1113 σύφαρ,
819 1027 924 1111 quibus
945 1024 1065 1091 aliunde
1087 1048 1174 1094 cooe-

68 1128 149 1191 dunt
168 1119 263 1212 εύαρ,
286 1120 424 1225 μύθαρ,
445 1128 557 1214 λύμαρ
581 1139 612 1192 et
629 1128 770 1216 μύμαρ,
798 1130 874 1212 qnod
897 1149 950 1213 pro
963 1127 1097 1215 ,pcoipccp
1120 1151 1172 1196 vn·

66 1227 124 1294 let.
171 1229 264 1293 Sexto
286 1230 332 1317 cpi
351 1256 363 1297 t
384 1227 647 1319 παραλημόμενα
668 1225 728 1297 δύο
751 1243 834 1317 πῖαρ
853 1231 910 1297 καὶ
929 1231 1016 1323 ἲλᾳρ,
1039 1253 1092 1315 pro
1113 1253 1171 1317 qno

68 1333 148 1421 ἴχαρ
170 1332 407 1396 substituendum
429 1334 565 1409 videtur3
596 1334 807 1417 praetermissa
828 1344 899 1396 sunt
918 1332 1019 1420 βλίαρ
1043 1327 1171 1421 φύλλον

68 1433 175 1518 συνῆς
194 1431 279 1498 Suid.
304 1446 335 1498 et
357 1425 497 1522 σκίναρ,
520 1436 596 1520 qnod
627 1435 793 1500 Scholiasta
813 1434 955 1499 Nicandri
977 1436 1069 1500 Ther.
1092 1435 1169 1502 694.

66 1538 228 1623 dupliciter
248 1537 465 1621 interpretetur
490 1534 513 1623 ἢ
539 1534 578 1603 τύ
606 1536 759 1624 γέννημα
785 1534 880 1623 copul
908 1536 947 1603 νύ
972 1539 1121 1625 σκιρτᾷν,
1148 1536 1172 1626 ἢ

65 1639 107 1707 τύ
124 1640 223 1726 σῶμα
243 1639 299 1707 καλ
319 1639 527 1725 σκῆνος(οῆς
538 1639 668 1727 γαλῆς).
702 1639 850 1724 Septimo:
873 1640 916 1730 τῇ
934 1625 965 1706 εἶ
983 1637 1171 1731 παραληγό·

64 1765 160 1832 μενα
188 1733 316 1808 σπύνιύ
347 1746 456 1821 ἔστιν,
489 1741 605 1831 εἶθαρ,
628 1755 767 1829 φρεῑαρ,
800 1755 943 1829 οπεῑαρ,
970 1739 1116 1827 μήποτε
1132 1749 1170 1812 ἐν

65 1844 272 1931 πλεονασμῷ
299 1832 410 1910 coci]
450 1846 541 1914 Deest
562 1858 700 1930 πεῖραρ,
730 1845 807 1930 quod
833 1866 925 1909 unum
955 1845 988 1909 in
1009 1832 1077 1932 ραρ
1109 1855 1170 1910 ter·

66 1945 178 2012 minari
214 1947 301 2010 docet
328 1947 514 2011 Herodianus
552 1974 590 2014 π.
626 1951 720 2015 Μον.
756 1970 784 2033 ρ.
809 1945 871 2024 39,
902 1946 953 2012 10.
994 1959 1024 2012 et
1059 1946 1186 2035 δεῖλαρ,

27 2119 32 2126 ,
64 2050 90 2115 i.
124 2073 153 2135 q.
190 2048 317 2135 δέλεαρ.
374 2049 489 2114 Desunt
523 2072 598 2134 quae
633 2052 707 2115 ulios
743 2037 939 2137 diphthongos
974 2051 1007 2114 in
1042 2051 1170 2135 penulti-

65 2153 142 2218 timu
163 2152 291 2227 hahent,
316 2164 416 2237 καῑαρ
440 2164 471 2216 ct
492 2146 625 2238 ούθαρ,
657 2164 688 2218 et
715 2175 790 2237 quae
813 2174 960 2218 consonas
981 2152 1013 2217 in
1035 2154 1169 2233 diostosi,

64 2250 190 2340 ἆνταρ,
213 2249 330 2339 ἄλκαρ,
354 2257 458 2340 ἴκμαρ
484 2252 577 2328 νοτίς
599 2255 729 2340 Hesych.
754 2249 893 2344 σύκχαρ,
916 2257 993 2340 qnod
1015 2266 1045 2320 el
1061 2254 1167 2346 σύχαρ

43 2359 209 2424 ‘scribitur
232 2358 316 2422 Paul.
340 2359 417 2442 Aeg.
443 2356 507 2420 Vll.
530 2355 606 2422 247.
637 2357 689 2420 sed
720 2357 878 2440 praeteriri
905 2357 1001 2440 potuit
1029 2370 1063 2422 nt
1084 2380 1168 2443 pere·

64 2462 187 2548 grinnm
210 2471 262 2524 aut
282 2459 420 2523 effectum
443 2471 476 2523 ut
496 2457 634 2532 bacchar,
658 2478 776 2541 cuppas,
803 2457 903 2540 culpor
914 2450 1067 2544 (κάλπη),
1081 2451 1169 2544 μα’ρ·

65 2589 141 2654 μαρ
176 2559 310 2649 στερεόν
338 2561 469 2647 Hesych.
489 2559 516 2646 ¹)
544 2555 631 2645 ύσαρ
659 2559 750 2622 Alex.
778 2557 873 2621 Trull.
908 2557 987 2621 Vlll.
1019 2559 1059 2636 2,
1092 2559 1167 2626 392.

66 2667 191 2732 lllorum
213 2688 287 2730 vero
310 2684 440 2728 canones
462 2663 610 2727 excidisse
633 2661 772 2725 videntur
790 2659 908 2725 incuria
929 2660 1167 2746 excerpentinm.

67 2771 126 2834 Sed
148 2763 243 2854 ὄνιαρ
266 2768 343 2850 quod
360 2767 484 2830 Vossius
506 2767 603 2850 posuit
623 2766 655 2829 in
677 2764 712 2828 ll.
732 2765 770 2827 H.
785 2763 817 2827 in
834 2762 905 2826 Cer.
920 2762 996 2829 269.
1013 2764 1168 2850 annalogiue

65 2882 216 2956 repugnet
235 2892 296 2932 non
318 2869 416 2932 minus
438 2890 523 2952 quum
547 2868 684 2943 verbum,
707 2887 725 2930 a
747 2888 804 2949 qno
825 2866 899 2930 illud
928 2867 1053 2950 repetit,
1076 2861 1168 2933 ὀνίαν

66 2995 165 3056 neque
188 2973 243 3036 lucc
266 2980 339 3056 opus
361 2981 427 3034 erat
447 2971 483 3034 ed
505 2969 723 3056 propagandum
741 2963 862 3035 ὄνίσιια
877 2977 908 3031 et
922 2961 1072 3053 ύνίνημι,
1095 2989 1169 3054 quo·

64 3098 135 3142 rum
157 3075 229 3139 illud
251 3075 408 3159 figuratum
431 3084 478 3136 est
499 3084 533 3138 ut
551 3070 717 3160 γαμίονα,
740 3071 797 3136 lto'o
818 3072 854 3134 ab
876 3064 977 3136 ὀνίνα
990 3070 1166 3154 profectum,

67 3180 154 3263 enjus
175 3175 313 3240 formatio
334 3185 455 3260 apparet
482 3175 515 3238 in
543 3170 668 3251 εἷλίνα,
697 3170 797 3259 ὀρίνω
820 3183 852 3236 et
872 3166 989 3260 oiywoi.
1034 3171 1078 3236 lle
1100 3194 1168 3257 pro·

65 3281 150 3345 sodia
173 3301 234 3343 non
256 3281 354 3343 solum
376 3277 555 3341 neutralium
576 3278 629 3342 sed
659 3276 747 3341 etiem
770 3274 1003 3339 masculinorum
1032 3283 1063 3339 el
1083 3274 1169 3337 femi·

66 3383 208 3447 ninornm
229 3381 330 3445 brevis
360 3390 407 3443 est
431 3379 618 3464 praeceptio·
646 3404 689 3446 τα
717 3381 764 3453 eir
794 3400 836 3463 αρ
804 3363 1035 3465 βαρύνεται
1054 3375 1164 3438 Aroed
1177 3430 1180 3447 ,

64 3507 95 3571 p.
124 3483 178 3561 19,
202 3483 255 3548 14.
278 3508 319 3549 cc
342 3486 389 3556 εἰς
411 3506 453 3566 cp
482 3480 651 3547 συστέλλει
673 3479 712 3546 σύ
736 3507 778 3556 α,
800 3470 931 3602 ιλύμαρ,
953 3477 1082 3565 θέναρ,
1104 3501 1166 3565 σα-

62 3595 151 3675 μαρ,“
175 3582 305 3672 πύπαρ·
312 3589 343 3668 2)
384 3579 591 3652 ’dAcctuold
576 3579 796 3650 εέιιτείνοοσι
818 3576 857 3648 ού
879 3578 1054 3670 one'upccl
1060 3578 1166 3667 φρέαρ

137 3815 165 3874 1)
184 3815 211 3867 ld
228 3824 303 3869 extra
321 3814 413 3868 seriem
436 3821 494 3882 post
515 3800 713 3882 μαρμαρύεννα
734 3813 831 3880 legitur
854 3828 902 3865 nec
917 3811 1002 3864 minus
1020 3810 1167 3872 suspectum

65 3920 142 3974 quum
160 3901 215 3954 alia
232 3898 345 3966 ejusdem
363 3900 517 3967 glossemata
534 3901 627 3968 Μίναρ
646 3888 740 3966 χορδή,
756 3897 889 3970 Μούρταρ
907 3891 986 3949 πῖλοι
1003 3900 1052 3944 εισ.

137 4005 167 4069 2)
184 4005 252 4058 llnec
276 4005 326 4056 dno
350 4006 376 4056 in
394 4004 472 4071 llegg.
498 4000 571 4056 Pros.
596 3999 627 4054 N.
648 4001 690 4063 80,
709 4000 770 4057 tac
789 4003 882 4054 omissa
906 4005 983 4060 εσσε,
1012 4001 1166 4064 postremum
