2506 4492
298 157 357 222 ur
385 152 748 299 routmuouos.
779 159 816 224 c.
835 158 875 225 ιι.
906 162 936 246 ς.
956 160 989 229 s.
1138 165 1205 231 aar

88 335 324 422 significationis
351 336 538 403 discrimino.
582 334 728 425 Καλύκη
756 337 922 404 Stesichor.
949 339 1001 404 l'r.
1024 340 1105 407 btv.
1129 342 1203 410 101.

86 433 249 524 Χιταὶνη,
268 431 452 527 Ἡγεμόνη,
473 439 595 504 uomina
616 441 736 526 propria
756 452 817 505 aut·
830 443 953 506 deorum
971 442 1102 528 epitheta
1120 458 1205 527 suut,

87 563 190 626 neque
212 541 333 605 omniuo
355 543 392 605 ad
408 543 484 606 bauo
499 545 704 627 quaestionem
720 543 872 628 pertinent
887 546 940 608 sed
956 546 1073 609 adeum
1090 546 1203 628 locum,

90 665 150 728 quo
173 645 211 708 de
233 644 366 729 motione
388 645 516 708 dicetur.
561 644 618 709 Sed
643 656 784 730 poteraut
804 645 968 730 aptioribus
989 648 1034 711 uti
1055 650 1203 736 exemplis

90 747 202 832 partim
226 745 453 832 monosyllabis,
478 768 552 831 quae
576 768 665 832 supra
686 747 854 824 attulimus,
886 744 1009 837 πτυχή,
1038 747 1142 838 coyt,
1173 763 1234 828 ot,

90 849 256 934 pluralibus
275 853 312 915 ul
327 844 456 917 αλακαι
472 850 616 935 Epipbau.
637 849 669 913 in
687 848 901 925 Resurra-..Cbm
922 872 952 936 p.
965 848 1041 916 279.
1058 852 1093 924 C,
1112 854 1148 922 T.
1160 853 1200 920 lt.

90 951 148 1018 ἐπὶ
174 957 298 1031 &maie
323 948 408 1015 Poet.
440 953 476 1016 de
504 953 589 1017 berb.
617 976 649 1017 v.
673 950 705 1016 3.
733 963 809 1025 ταῖς
836 948 905 1019 α’πδ
934 954 1004 1019 τῶν
1033 948 1200 1041 καλάμων

91 1056 184 1128 icccc
206 1042 339 1133 Arria&
353 1053 397 1117 Μ.
421 1054 546 1140 Erytbr.
568 1076 596 1140 p.
612 1054 685 1120 178.
710 1057 758 1120 ed.
774 1055 876 1119 blanc.
896 1054 1004 1120 Festus
1025 1078 1054 1141 p.
1071 1055 1123 1121 78.
1147 1060 1202 1123 ina

85 1178 168 1242 pars
190 1154 371 1219 tenacissima
391 1155 532 1232 obortae,
556 1179 614 1241 quo
636 1157 688 1243 pili
710 1158 788 1234 sive,
813 1169 846 1221 ut
862 1158 983 1223 Persius
995 1158 1079 1236 dicit,
1099 1160 1203 1253 pupilli

87 1260 281 1324 membranae
303 1257 466 1342 significari
488 1258 649 1336 videntur;
681 1260 787 1345 partim
810 1260 871 1340 iis,
902 1282 977 1345 quae
1006 1258 1202 1345 expluribus

88 1371 230 1429 coustant
260 1359 402 1445 syllabisz
436 1365 542 1450 χοῖνιξ
575 1361 698 1446 δεσμὸς
725 1362 930 1429 ποδῶν-καὶ
957 1360 1102 1453 χοκνίκαι
1130 1352 1201 1433 πα-

86 1477 178 1554 petua
198 1461 298 1529 πέδαι
317 1461 441 1525 Philem.
465 1463 581 1527 Tacho.»
605 1465 633 1546 §.
651 1464 728 1531 292.
752 1457 854 1541 loisel
881 1476 913 1528 et
932 1462 1061 1554 λατάγη
1083 1463 1203 1547 Athen.=

86 1565 160 1630 XV.
177 1563 251 1630 666.
276 1565 312 1626 C.
330 1564 437 1627 Tuetz.
457 1564 536 1628 Cbil.
553 1565 605 1628 Vl.
623 1565 698 1633 869.
722 1565 825 1644 lello}
847 1579 877 1632 et
895 1562 1033 1656 λαλαγή.
1046 1568 1092 1653 ³⁶)
1136 1569 1199 1634 Hoc

89 1689 186 1754 genus
215 1666 547 1751 paraschemetistorom
580 1667 772 1733 Grammatici
802 1690 1013 1753 nonuunquam
1047 1673 1083 1734 ab
1114 1692 1202 1737 aceu-

88 1772 187 1836 sativo
210 1778 362 1853 repetunt.
408 1769 583 1835 Eustatbius
597 1793 626 1857 p.
646 1769 721 1846 665,
741 1771 773 1835 7.
797 1768 866 1840 αἰιὸ
887 1773 950 1838 τοῦ
974 1771 1050 1861 φρθίξ
1072 1769 1199 1860 φρικός,

56 1954 61 1965 ¹
87 1887 204 1961 φρῑκα,
231 1868 324 1956 παραὶ
350 1884 422 1944 τοῖς
444 1867 587 1957 ὕστερον
609 1870 632 1959 ἠ
654 1871 758 1961 φρίκα
780 1873 836 1941 καὶ
859 1871 961 1963 φρίκη
985 1877 1138 1954 ἰωνικώς,
1167 1888 1199 1941 et

86 1972 177 2062 αὖρα
199 1997 240 2040 ex
262 1969 345 2061 οἷέρα
369 1985 468 2038 ortum
490 1994 558 2039 csse
580 1977 706 2040 affirmat
726 1977 826 2042 Schol.
844 1976 882 2043 lb
897 1976 921 2042 l.
948 1977 1021 2042 133.
1046 1975 1159 2046 δίαιτα
1180 2000 1199 2045 ο

87 2079 187 2146 δαῖτα
207 2078 310 2163 Etym.
334 2077 376 2141 M.
400 2076 432 2139 iu
454 2098 539 2160 quam
563 2078 731 2164 opinionem
754 2080 809 2144 vix
831 2079 1019 2156 incidissent,
1056 2081 1115 2166 nisi
1132 2084 1197 2169 jam

85 2184 139 2248 illa
160 2191 260 2245 aetate
283 2177 506 2265 percrebuisset
532 2180 605 2245 baec
635 2182 879 2247 terminatiouum
908 2183 1071 2248 casualium
1094 2186 1199 2271 depra-

84 2285 188 2362 vatio,
218 2302 305 2367 qoam
332 2281 364 2344 iu
392 2282 507 2345 novitia
530 2282 701 2347 Graecitatc
730 2285 874 2349 latissime
903 2286 1037 2370 grassari
1065 2286 1198 2373 locuples

85 2387 175 2451 testis
207 2372 253 2449 eit
275 2383 382 2448 (loreis
405 2384 541 2467 adaptat.
563 2385 660 2449 Alcib.
686 2408 715 2450 c.
736 2385 790 2450 22.
815 2409 844 2472 p.
865 2384 940 2450 365.
965 2387 1001 2449 Τ.
1025 2387 1063 2450 ll.
1088 2386 1197 2455 aeolici

86 2494 122 2555 ἐκ
149 2486 211 2574 τῆς
240 2488 308 2553 τῶν
342 2480 661 2574 περιττοσυλλάβωα
696 2492 743 2563 εἰς
771 2486 836 2571 τήν
862 2488 932 2551 τῶν
961 2482 1198 2576 ἰσοααλλαέβωκ

71 2590 348 2682 Ι[κατηνέχθησαν
373 2587 500 2666 κλίσιν,
530 2586 623 2677 παραὶ
648 2592 717 2676 μὲν
743 2602 816 2663 τοῖς
838 2583 989 2678 α’ρχαιόις
1010 2590 1199 2678 πεφεισμέ-

84 2719 167 2774 κας,
189 2690 212 2780 ἠ
233 2689 412 2781 Δήμητρα,
439 2688 462 2779 ἠ
485 2687 656 2781 Γόρτυνα,
682 2688 706 2779 ἦ
730 2693 765 2762 Γ
761 2683 910 2784 bocboc·
942 2690 1030 2784 παρ’
1050 2688 1138 2781 ἡμῖν
1159 2691 1196 2762 61

156 2935 202 3002 36)
227 2935 369 3004 Hesychius
397 2932 525 3005 Aoilcyac
547 2930 928 3016 edrpupoc.-Cboeroboscus
951 2935 1047 2989 Auocd.
1073 2951 1098 3002 p.
1119 2936 1195 2989 1361.

83 3024 264 3090 σεσημείωται
287 3018 319 3073 τό
337 3017 425 3082 tutat
441 3011 560 3090 titayoc
577 3017 624 3074 taut
640 3018 688 3075 coi
703 3040 720 3088 y
736 3019 849 3087 κλιθέκ,
873 3028 935 3094 περὶ
960 3015 991 3076 αὖ
1012 3022 1085 3076 ἔστιν
1107 3015 1197 3075 εἰπεῖν

68 3098 563 3176 ³·1ndnlwitatayviytyovaeoi
587 3109 763 3175 σημαίνοντος
779 3101 828 3160 acia
846 3102 974 3178 θόρυβον.
1012 3106 1195 3175 Exceptlonem

83 3188 191 3245 lirmant
213 3188 301 3255 λάταξ
323 3190 418 3260 (latex)
442 3208 531 3242 nomeu
555 3193 664 3244 siculum
690 3191 773 3243 Sobel.
793 3192 876 3244 Arist.
896 3191 956 3244 Pac.
979 3193 1055 3250 1212.
1076 3184 1198 3262 becapai}

84 3286 112 3330 et
130 3270 240 3348 ἅρπαξ,
265 3280 332 3346 quod
350 3280 431 3330 solum
450 3279 476 3328 in
493 3263 545 3359 ιῖτ
561 3279 633 3330 exire
651 3277 755 3329 edicunt
772 3277 899 3329 Tbeodoa.
919 3294 944 3346 p.
968 3279 1025 3334 121.
1051 3279 1148 3333 Auoocl.
1168 3296 1193 3348 p.

84 3365 147 3418 666.
168 3366 262 3416 ceteris
281 3365 438 3432 simplicibus
456 3380 502 3432 per
518 3383 534 3416 ιι
551 3360 696 3415 declinatis.
734 3363 784 3415 Sed
803 3365 926 3415 omittunt
948 3361 1051 3427 torar,
1076 3361 1198 3435 λώταγοτ

83 3450 208 3503 Eustatb.
224 3467 248 3518 p.
261 3451 321 3512 665,
335 3452 378 3506 ab.
399 3447 495 3519 τέτραξ
508 3446 541 3518 ἣν
552 3445 697 3519 Ἀθηναῖοι
711 3445 838 3503 καλοῦσιν
851 3445 952 3520 uipera
964 3451 1073 3504 Aristot.
1086 3452 1116 3504 ll.
1126 3452 1192 3504 buu.

83 3536 131 3591 v1.
150 3539 174 3598 1,
193 3537 218 3589 3.
239 3553 347 3604 quorum
365 3538 436 3605 prius
453 3539 581 3606 τίτρακατ
598 3535 744 3587 declinatur
761 3535 788 3585 iu
799 3535 945 3602 Epicharmi
963 3553 1042 3589 versu
1054 3537 1146 3591 Alban.
1163 3536 1194 3589 ll.

86 3623 133 3677 bb.
157 3624 186 3674 Β.
212 3631 243 3674 ut
265 3624 419 3675 Eustatbiua
446 3622 522 3673 affert
543 3638 567 3688 p.
588 3621 648 3674 368.
672 3609 793 3689 βῦσταγα
811 3616 926 3692 πώγωνα
945 3622 1053 3692 Haayob.
1075 3624 1120 3674 aad
1137 3619 1198 3677 coris

84 3701 224 3780 βῦστακατ
240 3709 333 3761 Athen.
354 3707 397 3760 lV.
420 3708 479 3761 113.
506 3715 533 3758 et
556 3723 656 3775 semper
677 3705 725 3759 coi
747 3704 884 3774 μύστακος
901 3723 928 3759 ν.
948 3708 1042 3760 Comm.
1063 3708 1094 3759 acl
1112 3707 1194 3759 Arist.

85 3789 168 3862 Vesp.
195 3796 255 3847 195.
283 3791 384 3863 utris
407 3785 556 3863 μᾶατακατ.
597 3792 743 3860 Stepbauus
766 3787 871 3859 ’Ἀσφαξ
895 3786 1151 3862 αἵτ”Λτραξ-κῖπλᾶ
1168 3788 1199 3847 tt

84 3879 153 3935 ἔστι.
188 3879 256 3932 Idem
283 3862 420 3943 fflo'oofi
442 3874 479 3960 eja
494 3873 607 3950 Ἅσφαξ,
625 3874 737 3947 ’Ἀτραξ,
760 3884 805 3931 καὶ
826 3872 1001 3946 Τικτόααγιι·
1028 3876 1123 3930 etalio
1141 3877 1196 3930 looo

76 3962 280 4034 Ἄτραξ-τικὲι
304 3963 350 4020 διαὶ
372 3963 424 4020 τοῦ
444 3983 462 4037 y
484 3962 591 4021 attam
614 3959 651 4020 o‘s
670 3956 805 4031 Eiuobc,
827 3965 894 4033 quod
918 3963 1042 4031 probator
1064 3965 1150 4017 miuus
1167 3979 1194 4017 v.

84 4054 183 4107 need.
203 4068 228 4120 p.
250 4054 325 4107 1316.
730 4066 733 4071 ’
