2506 4492
103 146 177 217 wli
448 136 768 206 DISSERTATIO
788 137 855 205 111.

104 349 209 413 sopor
229 321 383 387 dicebatur
402 317 512 384 fluvius
534 318 726 395 Salaminius,
747 317 826 410 quod
846 337 957 382 nomen
971 315 1053 382 iton
1066 316 1195 384 moon·

106 435 291 512 terpretatur
316 421 530 512 βσοκίφαλος
562 445 594 488 v.
627 421 757 505 Interpp.
791 420 828 484 ud
848 420 923 506 Lyn.
947 418 1026 485 451.
1056 431 1093 485 nt
1120 418 1195 504 vnlqo

106 528 191 595 fluvii
212 526 284 611 fingi
312 526 413 591 solent
440 521 678 612 τανρόκρανοι.
724 520 876 606 Simplicio
901 544 976 589 vero
1003 523 1072 608 ipsa
1101 523 1137 587 nl
1159 542 1196 586 se

108 631 233 697 eundum
255 627 483 693 declinationem
513 628 656 691 translato
683 646 751 689 esse
783 645 844 688 non
874 635 1012 701 oonstnt3
1042 646 1115 689 nom
1135 623 1199 709 qnol

22 734 26 741 ’
76 749 79 759 ’
108 734 213 798 Sululos
235 731 327 795 trudit
346 731 524 794 anadromae
545 728 728 812 exemplum,
751 724 837 815 tinnio
853 726 1004 814 θέναρος
1017 723 1101 815 παρ’
1110 720 1201 814 Ὀμή-

107 861 153 924 ρῳ
177 825 418 925 ἐσχημάτισται
439 831 482 905 τίς
503 831 647 917 πέλαγος
670 824 864 914 οὐδετέρως,
888 829 1133 895 commentiolum
1152 839 1200 894 not.

108 937 167 1003 Sed
200 936 428 1020 compositorum
457 956 517 998 non
545 955 606 997 una
633 933 748 996 forma:
782 928 979 1019 α’μφικαρὴς
1016 931 1147 997 Nieonl.
1168 931 1201 1004 ni.

108 1039 209 1105 Sohol.
234 1039 342 1124 Odyss.
365 1040 409 1106 P.
430 1035 505 1102 231.
529 1031 678 1121 δικραής,
701 1032 877 1122 δικέφαλος
896 1035 976 1100 Lex.
1000 1035 1085 1101 rhet.
1108 1035 1204 1098 Ensln·

109 1143 163 1207 thii
185 1163 215 1226 ρ.
240 1139 316 1215 947,
339 1137 394 1204 28.
418 1159 583 1223 quanquam
613 1137 686 1201 loeo
714 1137 751 1201 nd
780 1138 856 1202 nlios
878 1138 1085 1202 nominativos
1106 1134 1204 1201 τοίαισί

111 1253 254 1330 possunt3
276 1239 491 1322 πανείδατος,
513 1238 767 1319 λενκοστίοτσς,
787 1238 1027 1326 λεοκητιατίας,
1050 1232 1205 1325 πανημέ-

109 1367 193 1420 τισς,
215 1335 441 1424 omonimo,
464 1339 707 1429 ὃοςιίιίμσιρτος.
753 1343 915 1426 Adjeotivi‚
939 1344 1017 1428 qnod
1035 1343 1070 1407 in
1091 1329 1206 1430 α’ρίσσ·

111 1447 261 1521 minatur,
290 1445 372 1509 nnioi
401 1467 495 1531 genus
524 1457 663 1510 neutrum
691 1445 842 1529 reperitur
870 1445 902 1509 in
930 1445 1062 1529 obliquis
1084 1445 1204 1520 mnibus,

109 1543 408 1637 μακσίριον,ἐτεάν
436 1548 529 1612 Anth.
559 1548 623 1613 Pal.
656 1545 712 1611 IX.
735 1568 768 1611 n.
793 1546 867 1612 424.
895 1541 1067 1637 μακοίροιν
1094 1552 1206 1615 τεκέων

109 1647 187 1725 Διός
208 1650 307 1715 Noun.
334 1650 422 1715 XXI.
446 1649 521 1717 tol.
547 1650 604 1714 nisi
627 1649 683 1714 hoo
704 1650 824 1735 synesis
853 1651 975 1715 nomine
997 1653 1206 1724 excusandum,

110 1754 206 1830 illud,
237 1764 272 1816 ut
301 1753 450 1818 Brunokio
480 1754 597 1827 visum,
633 1774 698 1816 oum
726 1753 866 1839 μακρῶν
895 1736 1137 1817 commutandum
1164 1761 1208 1817 unt

110 1869 270 1940 utrumque
293 1878 313 1920 a
333 1856 515 1920 nominativo
536 1849 690 1941 μσίκαρος
719 1856 840 1919 ‹luotnm
862 1866 930 1932 est,
955 1855 1005 1940 qui
1026 1855 1148 1941 saepius
1172 1853 1208 1918 lo·

112 1960 193 2043 gitur
220 1959 252 2020 in
276 1957 516 2041 inscriptionibus
544 1978 577 2020 v.
601 1956 720 2019 Boeokh
742 1957 778 2021 T.
803 1955 828 2020 l.
851 1955 926 2022 449.
951 1958 982 2022 b.
1015 1956 1208 2044 Comparatio·

111 2061 160 2124 nis
189 2059 326 2142 exempla
354 2080 501 2144 perpauca
531 2067 603 2155 qqnt
630 2055 849 2145 μακάρτατος
883 2070 915 2123 et
944 2050 1130 2148 ἐοίρτατσς,
1160 2079 1208 2122 σοι

111 2160 205 2224 multa
227 2160 422 2224 derivationis
447 2157 710 2245 τεκμαίρεσθαι,
738 2159 890 2248 ἐορίζειν,
918 2161 1134 2253 μακαρίζειν,
1152 2184 1209 2250 μο-

111 2264 265 2352 μαρίζειν
287 2261 417 2349 Hesyoh.
834 2258 836 2262 ’

619 2452 648 2535 §-
672 2450 704 2518 κ.

198 2569 233 2634 ln
256 2556 299 2658 ἐρ
315 2569 398 2633 nulla
419 2590 526 2633 vonum
548 2592 724 2654 graecarum
747 2570 824 2651 exit,
848 2593 923 2656 quae
945 2573 1065 2656 quidem
1087 2575 1121 2640 in
1142 2596 1212 2639 oon·

113 2693 233 2738 munem
263 2694 348 2736 usum
376 2683 514 2755 receptae
544 2684 633 2749 sunt;
668 2673 784 2761 γὲντερ
812 2672 978 2738 laconicum
1008 2688 1077 2754 est,
1107 2676 1212 2761 κίστερ

112 2770 252 2846 νεανίας
275 2771 406 2857 Hesyoh.
431 2773 457 2835 si
476 2774 583 2837 mendo
606 2787 709 2851 noret,
737 2770 895 2859 ‘argivum
922 2799 977 2863 pro
993 2773 1136 2870 Ἠσιχερ
1158 2782 1212 2864 jun

113 2876 165 2941 alii
187 2875 374 2961 seripserunt
394 2870 512 2963 ἦσίχηρ
535 2877 700 2952 aeolicum
723 2899 849 2963 peregre
871 2878 961 2943 allata
982 2893 1055 2945 sunt
1069 2884 1212 2968 proprium

113 2975 236 3064 Μιίκερ
259 2977 338 3040 Plut.
366 2975 402 3039 V.
428 2977 492 3041 Cio.
519 2977 573 3041 IX.
599 2988 630 3043 et
650 2979 828 3063 appellativa
847 2977 968 3068 μα’κερ,
988 2982 1054 3050 τοῦ
1074 2975 1214 3070 μσίκερος

114 3079 221 3144 Galen.
246 3081 282 3143 ule
305 3079 408 3164 Simql.
431 3079 511 3146 Med.
536 3081 606 3145 Fae.
631 3080 697 3145 Vll.
723 3081 776 3158 12,
801 3081 854 3147 66.
872 3083 974 3148 Dioso.
998 3087 1075 3152 Mat.
1099 3084 1211 3152 1.110.

113 3181 190 3264 quod
209 3192 240 3245 et
262 3177 385 3269 μσίκειρ
408 3183 518 3247 dieitur
537 3185 660 3248 Arrian.
690 3183 734 3246 M.
760 3184 885 3270 Erythr.
910 3209 939 3271 p.
965 3185 1040 3251 148.
1074 3201 1107 3254 nt
1129 3189 1213 3253 latine

114 3284 225 3357 ouaoir,
248 3281 361 3370 λιίσερ,
383 3284 538 3374 ζίγγιβερ.
561 3323 603 3335 -
652 3282 705 3352 Τσί
727 3289 773 3359 εἰς
795 3273 850 3372 {to
868 3286 954 3375 ιίτσὲρ
979 3288 1069 3377 μίαν
1095 3292 1213 3358 συλλα-

112 3381 182 3472 βήν
208 3380 370 3474 ἀσυνήθη
392 3388 472 3474 μέν,
493 3378 680 3475 βαρύνεται
700 3387 746 3468 δι’,
767 3389 907 3478 Βίχειρ,
931 3389 1083 3481 Σσίτιειρ,
1104 3384 1213 3461 Ἐλεί-

112 3491 189 3572 ζειρ,
211 3485 346 3576 Λίγειρ,
368 3490 497 3577 ἕλσίτειρ
524 3491 632 3555 Aroad.
658 3511 686 3573 ρ.
709 3488 764 3557 20.
789 3513 915 3573 quorum
937 3508 1069 3582 quotuor
1088 3497 1183 3581 primu
1200 3513 1232 3556 o·

114 3587 264 3673 Stephano
296 3612 322 3655 s.
353 3593 471 3682 Βίχειρ
500 3603 532 3657 et
562 3593 662 3678 Etym.
693 3592 736 3656 Μ.
762 3591 836 3673 107,
867 3594 920 3660 36.
953 3598 1141 3676 offerentum
1169 3616 1216 3682 pro

115 3703 266 3778 postremo
288 3696 490 3775 reponendum
519 3694 638 3758 videtur
664 3693 842 3759 alterutrum
865 3719 989 3781 eornm,
1018 3722 1096 3784 quoe
1116 3701 1214 3784 Etym.

115 3794 268 3880 adjungite
293 3785 450 3881 εἰνιίτειρ,
466 3787 616 3882 Ἑλιίτειρ
631 3791 797 3882 ποταμός·
816 3820 911 3883 neque
926 3811 1028 3865 tamen
1044 3800 1215 3866 obliviscen-

115 3896 203 3971 dum,
237 3896 342 3960 horum
364 3895 465 3980 prius,
496 3901 580 3983 eujus
609 3920 751 3964 numerus
778 3900 847 3986 sing
877 3903 939 3968 aris
972 3900 1036 3969 uolt
1058 3902 1210 3988 reperitur,

115 3998 151 4059 ab
181 3998 350 4065 Herodiano
376 3999 501 4082 aliisque
534 4000 818 4095 Grammatiqorum,
846 4025 919 4089 quos
942 4004 1148 4093 Goettlingius
1168 4022 1212 4068 no
