2506 4492
204 171 473 240 osuorser.
498 170 708 241 ruuousu.
738 170 859 240 etri.
882 170 963 259 §.o
1069 173 1141 245 nuo

32 374 73 419 ee
98 351 229 418 fortusse
254 350 437 439 τριςοίζυος
461 352 614 440 Aeschylo
639 352 821 419 reddenduiu
846 354 967 440 Frugnu.
995 352 1139 420 cectv.

31 450 91 541 pr'o
110 452 298 541 κριαάζαος.
333 455 392 519 Sed
412 477 431 520 u
448 451 552 543 νηδάς
573 455 688 519 nullum
711 456 829 522 ducitur
849 458 1048 543 adjectivum
1071 478 1141 523 unm

30 553 228 645 άμονήδυος
255 578 308 642 per
332 579 466 622 errorem
494 558 637 642 scriptum
662 570 710 623 est
735 581 789 643 pro
810 553 1035 646 δμονήδυιος,
1063 561 1142 645 quod

31 683 102 727 cum
123 652 263 746 νήδυιος
287 661 481 744 compositum
504 673 568 736 est,
599 671 635 724 ut
656 653 868 752 τριπήχυιος,
891 653 1141 753 παραπήχυιρς,

29 755 262 853 προπήχυιος,
284 784 359 848 quoe
380 763 455 833 Poll.
479 762 517 828 ll.
543 763 615 828 142.
640 765 826 829 restituendo
846 786 899 849 pro
921 760 1141 854 παραπήχιου.

30 877 65 931 et
85 859 289 955 προπήχιον.
331 865 489 930 Neutruliu
509 887 571 929 nou
592 877 811 951 componuntur
834 867 894 933 nisi
914 877 1029 935 munte
1050 867 1141 931 decli·¹

30 970 175 1046 natione,
197 962 376 1056 άγόνατος,
397 960 664 1055 πυκνονόνατος,
685 967 971 1058 καρκποοίγουνος,
994 960 1141 1055 άρπυιά-

28 1094 157 1159 νουνος
179 1081 237 1135 etc.
264 1080 391 1153 excepto
413 1069 535 1133 nomine
556 1066 680 1157 δάκρυ,
706 1073 784 1135 uude
806 1066 972 1158 άδακρυς,
993 1061 1142 1161 άνανκά-

28 1174 177 1261 δακρυς,
203 1164 435 1261 βαράδακρνς,
458 1171 635 1259 ἔνδακρυς,
660 1165 891 1259 πολύδακρυς,
924 1195 1050 1259 quorun
1072 1173 1141 1239 nul·

28 1276 94 1341 lum
125 1297 225 1340 cesum
256 1276 315 1340 uisi
341 1276 469 1359 primum
498 1285 531 1340 ot
557 1287 695 1361 quartum
723 1277 929 1340 demonstrare
959 1297 1080 1361 possum
1107 1274 1142 1341 iu

28 1390 160 1462 utroquo
174 1399 311 1453 numero,
329 1370 527 1463 άριδάκρυος
544 1389 575 1441 et
590 1368 850 1464 ἑτοιμοδάκρυος
865 1376 1004 1442 Eusteth.
1019 1401 1050 1463 ρ.
1064 1377 1140 1457 115,

28 1479 86 1545 36.
108 1501 203 1564 neque
219 1479 320 1564 plures
339 1479 371 1542 in
388 1500 445 1543 usu
460 1480 555 1543 fuisse
574 1480 705 1545 affirmat
717 1478 861 1543 Matthiae
875 1478 1008 1543 Gremio.
1025 1480 1054 1562 ἓ.
1065 1480 1140 1545 114.

28 1605 61 1669 ρ.
76 1581 154 1649 292.
187 1583 243 1646 Sed
262 1580 432 1668 Hesychius
451 1591 551 1646 tumen
570 1582 658 1647 affert
671 1572 885 1666 ’Λριδάκρυοι
900 1573 1143 1667 πολυδάκρυον,

29 1706 130 1768 nequo
148 1685 224 1749 ratio
244 1695 378 1767 ορροοοι,
403 1703 456 1747 cur
474 1682 582 1749 Graeci
604 1684 672 1748 huic
690 1684 837 1769 adjectivo
856 1683 1047 1767 augustiores
1065 1684 1142 1749 fines

31 1787 96 1851 circ
180 1786 324 1870 ripseriut
349 1806 436 1869 quum
460 1784 628 1849 similibus:
666 1781 851 1874 εάουάχυος
875 1782 1006 1851 πεδίοιο
1034 1785 1138 1865 Quint.

30 1889 100 1953 Col.
154 1934 162 1952 .
189 1886 264 1953 402.
300 1880 539 1976 ευόυαχάεοοιν
563 1880 732 1974 άμάλλαις
753 1887 792 1952 V.
817 1885 872 1953 61.
906 1883 1143 1974 πολυβότρυος

29 1986 114 2061 άνα’
134 1984 296 2077 Ἀμάροιο
322 1989 444 2053 hesiod.
468 1989 589 2074 Frugm.
612 1990 701 2055 XlX.
738 1987 962 2077 Βουπρασίου
987 1981 1143 2078 πολυβό-

29 2118 134 2182 τρυος
149 2094 276 2157 Theocr.
294 2091 397 2155 XXV.
419 2089 471 2154 11.
495 2114 553 2177 quo
576 2093 715 2179 exemplo
738 2105 770 2159 ct
791 2095 886 2178 punio
906 2091 1008 2173 Quinti
1031 2114 1142 2178 oogno·

30 2199 142 2275 suitur,
166 2193 239 2259 hacc
259 2194 408 2278 adjectivo
430 2215 492 2257 uon
514 2195 652 2271 duorum,
677 2207 711 2259 ut
727 2195 947 2281 Lexicogruphi
971 2195 1140 2280 perhibent,

30 2319 180 2385 generum
205 2318 271 2361 csso
296 2297 349 2361 scd
374 2295 482 2370 trium,
513 2296 600 2378 idque
623 2317 684 2359 nou
706 2298 803 2360 solum
827 2299 859 2361 in
884 2299 1001 2363 casibus
1022 2297 1144 2383 impuri·

30 2403 108 2476 hus3
142 2420 209 2462 uam
231 2394 438 2487 ἑνδεκάπηχυ
460 2397 573 2482 legitur
595 2400 672 2482 opud
693 2397 874 2473 Homerum,
902 2391 1088 2489 παράπηχυ
1111 2411 1143 2464 et

30 2502 181 2591 ἐπίπηχυ
204 2503 277 2586 apud
303 2501 398 2576 elios,
428 2493 574 2589 οάοκαχυ
598 2499 724 2583 Niceph.
749 2501 782 2564 iu
809 2499 919 2584 Syrico.
947 2520 976 2583 ρ.
1000 2499 1075 2565 353.
1103 2500 1139 2563 C.

30 2605 172 2671 Eustuth.
198 2604 306 2687 Opusc.
331 2602 382 2666 lll.
408 2601 467 2679 13,
489 2601 543 2666 84.
574 2598 738 2688 άρίδακρυ
763 2601 889 2665 Aristot.
915 2600 952 2665 ll.
979 2602 1058 2665 Anu.
1083 2600 1140 2667 lX.

32 2708 72 2787 1,
97 2706 130 2770 4.
163 2707 239 2790 quod
261 2705 331 2769 hinc
352 2705 441 2770 affert
463 2705 562 2771 Schol.
587 2703 624 2768 ll.
647 2704 722 2767 XX.
745 2702 822 2771 252.
853 2694 1028 2790 ἱεράδακρυ
1050 2702 1143 2768 Molu-

32 2810 120 2896 nipp.
142 2809 213 2872 Ath.
238 2807 323 2871 XIV.
345 2805 420 2872 651.
444 2807 480 2870 F.
504 2803 699 2894 πολύδακρυ
723 2806 836 2870 Christ.
861 2806 926 2871 Pet.
951 2829 981 2890 p.
1003 2803 1080 2871 266.
1103 2805 1139 2869 Β.

32 2909 197 2996 ἐπίδακρυ
220 2908 350 2994 Hesych.
380 2931 406 2973 s.
432 2909 618 2977 Μυδαλέον
640 2921 671 2975 et
691 2904 866 2996 δπάδακρυ
892 2930 920 2973 s.
943 2899 1142 2993 Γλαμυρόν,

34 3004 148 3097 δάκρυ·
168 3006 309 3097 άδακρυ
326 3011 514 3076 Hcrmuuuus
542 3012 676 3077 restituit
702 3011 765 3096 lph.
792 3012 829 3075 T.
856 3009 930 3077 832.
964 3006 1142 3096 δπὲροφρυ

34 3113 174 3181 Eustuth.
200 3113 252 3177 0r.
276 3110 314 3177 ll.
339 3112 397 3189 11,
420 3113 474 3180 62.
519 3114 658 3179 Alterum
679 3124 727 3179 est
747 3107 851 3191 άοκυ,
880 3112 958 3196 quod
980 3132 1047 3176 cum
1068 3112 1142 3179 solis

35 3215 305 3302 praepositionibus
322 3215 508 3281 cobaerescit
523 3235 584 3280 non
598 3236 658 3281 uno
672 3217 778 3280 modos
797 3209 982 3289 υυνάσυοος
995 3214 1140 3281 Simonid.

36 3320 157 3403 Fregm.
173 3315 288 3381 XXVI.
306 3317 380 3382 191.
404 3314 587 3403 προάστιος
607 3315 650 3392 οἷς
662 3310 851 3398 Βυζάντιος
866 3315 968 3400 Steph.
986 3337 1013 3381 s.
1024 3310 1142 3398 Ἄοκυ,

38 3422 116 3506 quod
135 3429 289 3504 poetarum
310 3419 412 3484 usibus
433 3419 580 3497 inservit·
597 3431 630 3485 et
645 3412 860 3505 προάστειον,
881 3420 959 3503 quod
976 3419 1066 3484 toties
1086 3418 1142 3485 boo

37 3533 165 3589 accentu
182 3522 331 3606 signatum
348 3521 471 3605 legitur,
494 3534 529 3587 ut
545 3523 826 3607 properispomeuon
844 3535 1049 3608 προαυυοῑον
1065 3523 1142 3589 Tbe-

37 3627 119 3691 nist.
146 3624 199 3687 Or.
222 3623 275 3687 Vl.
299 3621 353 3688 82.
376 3624 415 3686 Α.
439 3645 500 3689 nou
521 3625 619 3689 miuus
641 3626 682 3689 sit
702 3636 889 3709 suspectum,
918 3647 1004 3710 quum
1026 3624 1142 3709 poetice

38 3730 137 3793 formo
157 3726 190 3787 iu
211 3727 295 3791 libris
311 3725 549 3813 Thucydidis-ll.
568 3725 622 3791 34.
645 3727 697 3790 lV.
717 3725 772 3803 69,
789 3726 824 3793 2.
840 3739 878 3792 -et
898 3727 1052 3792 Strabonis
1067 3723 1138 3789 Xll.

39 3827 116 3895 577.
139 3825 225 3890 XlV.
248 3827 323 3893 653.
350 3827 497 3892 Artemid.
521 3827 571 3891 111.
595 3826 650 3894 62.
674 3840 734 3893 eto.
780 3830 890 3894 Cetera
911 3829 997 3914 hujus
1019 3825 1142 3911 generis

38 3929 228 3995 insociabilia
249 3942 336 3994 suut:
372 3922 510 4020 βράδυ,
534 3929 630 4018 νῆθυ
651 3930 743 3996 Psell.
765 3930 798 3996 iu
817 3932 932 3996 Auecd.
955 3927 1141 3992 Boissouudii

39 4034 76 4098 Τ.
99 4032 153 4097 lll.
176 4032 253 4100 221.
276 4029 392 4123 κάχρυ,
413 4025 528 4115 κόνδυ,
548 4032 657 4120 μέθυ,
676 4031 775 4121 μίαν,
794 4034 904 4122 μῶλυ,
925 4026 1031 4109 νάπυ,
1051 4027 1140 4112 πάν,
1188 4028 1190 4033 ’
