2506 4492
89 198 157 268 181
443 192 760 260 mssnttrartu
788 193 832 260 Il.

86 377 171 465 sycb.
198 395 251 460 pro
277 393 335 459 quo
359 375 488 440 fortasse
512 375 646 462 trajectis
672 375 796 440 vocibus
824 371 924 462 φάσει
946 374 1101 461 φυσικῶς
1126 377 1201 441 scri·

85 481 224 546 bendum.
272 478 460 563 Adjectivum
490 475 618 566 ταρβής
649 479 729 542 undc
759 477 978 563 Lexicographi
1010 479 1199 563 acceperint,

58 652 63 660 ,
85 585 205 670 ignom.
240 579 298 644 Pro
321 575 450 667 σθειής
470 593 570 645 autem
592 580 738 644 Arcadius
759 601 789 663 p.
805 579 860 656 24,
879 580 932 646 21.
957 581 1046 646 affert
1068 583 1200 673 σθειῇς

86 695 272 751 contractum
294 694 328 747 ut
347 683 482 774 τεχαῂς,
504 683 638 774 λαχνῄς,
661 680 796 774 ζαχρῄς,
818 694 850 746 et
872 693 958 746 extat
978 683 1130 748 feminina
1149 707 1199 768 po-

58 803 62 808 ’
84 789 155 853 sitio
178 785 327 856 Σθὲιεια
350 786 499 872 Lycophr.
526 785 621 850 1164.
652 786 700 849 cni
722 785 831 849 similia
853 796 924 849 sunt
947 778 1099 866 Θάλεια,
1122 782 1199 854 Λά-

66 887 189 980 ’χειαί,
217 881 371 978 Τράφεια
398 890 469 952 urbs
494 888 653 965 Boeotiae,
685 883 754 955 άπὸ
779 887 842 954 cori
869 887 977 954 πολλοὶ
1003 888 1197 977 θρέμματα

83 997 170 1084 ἔχειν
191 962 293 1077 steph.
317 1004 353 1057 ut
371 982 493 1079 Τάρφη
512 990 647 1054 Locridis
668 990 761 1078 παρά
783 987 826 1058 τά
847 985 978 1076 τάρφεα
1001 990 1045 1053 11.
1070 984 1194 1076 quorum

84 1096 239 1160 nominum
260 1095 342 1179 prius
361 1093 511 1156 Nicandro
528 1093 620 1156 Ther.
640 1091 715 1157 887.
739 1115 793 1178 pro
817 1085 968 1180 Ίρόφεια
990 1094 1191 1169 reddendum,

76 1193 224 1268 Ἄνθεια
243 1195 438 1281 complurium
457 1195 573 1259 urbium
590 1218 699 1260 nomen
715 1196 900 1280 lunonisque
919 1217 1091 1279 cognomen
1104 1199 1190 1262 Paos.

76 1296 215 1371 ’Ἀιτεια
238 1297 282 1372 oio
303 1290 456 1384 Κράτεια
479 1297 579 1362 Schol.
600 1298 635 1362 ll.
655 1298 707 1361 Vl.
730 1296 804 1363 160.
828 1293 898 1364 oircd
919 1299 981 1364 τοῦ
1003 1296 1110 1388 χαίρω
1133 1294 1192 1390 χά-

82 1429 155 1492 ρεια
187 1401 243 1468 καὶ
271 1397 372 1469 dadai
395 1393 543 1469 Ἄνθεια
574 1397 630 1468 rial
660 1400 770 1489 κρατῶ
799 1392 954 1486 Κράτεια
975 1437 1020 1447 -
1042 1396 1189 1489 Μήδεια,

80 1506 200 1594 θέρεια
223 1505 324 1589 Etym.
343 1504 385 1567 Μ.
411 1502 492 1579 558,
517 1502 548 1568 1.
575 1504 775 1569 Choerobosc.
796 1503 897 1567 Crem.
921 1502 959 1566 ll.
985 1501 1063 1568 180.
1089 1507 1189 1590 quibus

80 1608 265 1681 Theodosius
286 1629 316 1691 p.
340 1605 393 1671 67.
424 1600 546 1693 σάφεια
571 1609 651 1672 addit
679 1618 713 1671 ut
734 1629 752 1671 a
772 1605 923 1690 praesenti
947 1600 1044 1693 σάφα
1075 1610 1190 1673 ductum

79 1734 113 1778 v.
132 1711 247 1775 Anecd.
267 1710 367 1775 (Iram.
387 1709 425 1773 ll.
445 1709 519 1775 300.
550 1712 608 1775 Sed
630 1712 666 1773 de
688 1709 806 1795 θέρεια
829 1719 932 1773 errant
953 1732 985 1774 v.
1002 1710 1136 1777 Dissert.
1153 1712 1187 1776 V.

81 1835 179 1899 neque
200 1815 320 1900 propria
346 1836 365 1878 a
386 1813 591 1898 praesentibus
619 1812 715 1876 solum
740 1813 896 1896 finguntur
921 1813 973 1876 sed
996 1814 1095 1878 multo
1120 1815 1188 1878 libe·

79 1917 162 1992 rius‚
196 1916 252 1980 vix
279 1926 313 1979 ut
339 1915 411 1979 sciri
439 1915 534 1998 possit
561 1926 661 1980 utrum
681 1908 829 1981 Ἄνθεια
856 1937 910 1999 pro
932 1909 1051 2003 ’Ἁςθη
1079 1919 1188 1998 valcat,

80 2020 159 2104 quod
185 2017 243 2081 fuit
264 2016 456 2104 Halcyonidis
483 2039 593 2083 nomen
619 2039 651 2083 v.
678 2017 760 2080 Suid.
788 2039 815 2081 s.
838 2013 927 2085 Ἁλα.
955 2040 994 2082 an
1023 2031 1131 2086 contra
1157 2031 1189 2083 ut

79 2113 217 2206 Μήδεια
234 2114 342 2204 Μήδη
364 2141 394 2183 v.
414 2119 547 2182 Meinelr.
572 2120 606 2183 ad
627 2118 759 2203 Euphor.
783 2143 812 2204 p.
833 2120 896 2208 64„
910 2143 950 2185 an
971 2111 1054 2206 quod
1073 2145 1114 2187 ex
1133 2123 1188 2187 lle·

79 2222 179 2312 sychii
206 2222 307 2306 glossa
326 2215 483 2289 Ἀιθεῖαι
511 2216 679 2306 (dedecui)
708 2216 791 2308 ὥραι
814 2221 942 2309 (Horae)
973 2224 1078 2310 colligi
1104 2245 1188 2310 posse

78 2327 217 2402 videtur,
248 2324 412 2391 masculino
435 2325 475 2390 sit
495 2326 678 2412 appositum,
710 2329 795 2411 cujus
817 2328 913 2390 forma
935 2328 1033 2392 fertur
1055 2329 1185 2413 triplex:

76 2419 223 2502 Ἀςθεάς
240 2427 342 2492 Liberi
364 2429 457 2513 patris
480 2450 645 2514 cognomen
665 2429 752 2493 Paus.
771 2428 836 2492 Vll.
853 2428 906 2494 21.
925 2429 958 2494 2.
983 2430 1033 2514 qui
1056 2440 1088 2493 et
1105 2432 1188 2497 cla·

77 2529 134 2607 ιάς
155 2532 281 2607 dicitur,
307 2531 336 2594 id
359 2543 406 2596 est
428 2531 553 2612 Florum
572 2525 705 2608 Ἄνθος
725 2531 925 2596 Anton.'Lib.
952 2554 980 2595 c.
998 2531 1063 2597 Vll.
1088 2531 1185 2598 lnscr.

76 2634 140 2699 Ata.
157 2633 197 2698 N.
216 2631 288 2696 183.
308 2633 347 2698 Ν.
362 2632 438 2700 268.
455 2634 494 2699 N.
511 2634 587 2702 272.
608 2635 647 2699 N.
663 2634 737 2699 378.
763 2629 938 2721 ethaeam
956 2633 1184 2722 utch'pc17).

76 2735 233 2822 Adjectiva
254 2745 366 2809 autem,
390 2756 465 2820 quae
487 2737 706 2813 recensuimus,
730 2737 756 2800 si
776 2738 841 2821 quis
858 2738 1102 2823 perlustraverit,
1127 2761 1185 2803 non

76 2839 150 2904 adeo
172 2836 330 2901 mirabitur
352 2858 406 2900 cur
428 2836 620 2901 Grammatici
642 2833 726 2926 α’χής
754 2860 795 2903 ex
816 2833 938 2928 εάαχης
962 2839 1183 2918 detruncatum,

74 2934 205 3030 ψευδής
226 2943 262 3006 ad
285 2939 510 3004 similitudinem
532 2942 658 3025 oppositi
680 2935 832 3028 ἀψευδής
854 2945 1013 3007 formatum
1037 2966 1107 3010 essc
1130 2946 1184 3010 sibi

74 3045 291 3130 persuaserint.
338 3043 450 3127 Quippe
477 3053 537 3107 tam
559 3065 629 3107 rara
649 3044 843 3109 inveniebant
868 3046 956 3131 hujus
978 3049 1103 3130 generis
1131 3070 1183 3114 cx·
1216 2980 1230 3133 1

75 3146 172 3232 ampla
193 3158 227 3213 ut
246 3147 395 3233 singulari
416 3148 540 3230 quadam
562 3147 680 3218 ratione
702 3149 858 3234 progenita
880 3149 1105 3228 existimarent.
1139 3151 1182 3214 Ad

73 3248 156 3313 illam
178 3261 278 3314 autem
300 3249 472 3334 aphaeresis
493 3249 694 3334 suspicionem
717 3262 859 3334 quantum
880 3244 1109 3331 inclinaverint,
1135 3253 1182 3318 vel

143 3490 188 3555 17)
203 3487 290 3558 Kline
301 3479 422 3546 Κλεάδας
435 3486 513 3545 πόσις
524 3490 612 3558 Epigr.
626 3492 720 3562 Adesp.
733 3493 924 3548 dccccxxv.
945 3497 1012 3548 idem
1026 3504 1068 3547 est
1082 3492 1183 3562 Klaipr
1229 3496 1230 3501 ’

74 3577 160 3630 strab.
176 3575 248 3630 Xlll.
268 3577 328 3633 182.
347 3578 461 3629 doricum
482 3574 581 3632 Κλιάας
597 3586 628 3629 ut
644 3584 716 3636 Κέας
732 3581 819 3650 Etym.
832 3581 867 3635 M.
888 3583 954 3642 498,
972 3582 1017 3635 30.
1038 3583 1136 3634 Anecd.
1156 3599 1179 3648 p.

74 3664 150 3718 1188.
188 3661 341 3717 Verbalium
365 3664 487 3730 pleraque
513 3664 608 3715 tertiae
632 3675 692 3718 sunt
719 3668 898 3719 declinationis
922 3660 1050 3735 Κράτης,
1075 3665 1179 3736 Λάχης,

70 3744 168 3819 Χάρης
185 3757 213 3802 et
230 3751 369 3816 composita
384 3744 549 3822 Φιλοχάρης,
566 3749 745 3820 Λιαιράτης,
765 3770 830 3820 quae
849 3756 904 3820 ipsa
922 3753 1096 3805 declinatione
1113 3755 1180 3804 inter

72 3851 100 3888 se
118 3837 252 3902 differunt,
270 3828 409 3904 Χάρητος,
427 3832 603 3904 Φιλοχάρους,
623 3839 667 3888 sed
686 3846 713 3888 ct
729 3837 826 3907 Λάχου
844 3841 975 3907 reperitur
992 3841 1019 3890 in
1037 3840 1107 3892 Plut.
1122 3837 1177 3890 Vit.

73 3919 160 3974 Oratt.
177 3921 244 3975 VIII.
256 3920 324 4003 181.
345 3919 376 3972 Τ.
392 3919 451 3971 Xll.
471 3929 498 3973 et
514 3920 676 3975 Philolacbae
693 3923 778 3979 Plaut.
795 3925 872 3978 Most.
892 3925 924 3977 ll.
945 3926 975 3986 l,
994 3925 1040 3981 27.
1068 3924 1179 3990 Acljecti·

70 4021 133 4059 vum
150 4009 177 4059 in
195 3995 238 4078 q-c,
256 4024 320 4079 ητος
336 4007 440 4060 unicum
459 4015 499 4060 est
515 4012 614 4080 πένης,
638 3998 693 4064 ηἰιῖ
707 4019 734 4063 et
750 4009 804 4082 θὴς
821 4014 848 4064 in
866 4013 913 4065 hoc
931 4027 1039 4064 numero
1057 4026 1179 4081 reponere

67 4091 142 4145 libet.
