2506 4492
158 176 212 243 DE
233 173 441 243 SUBSTANT.
458 174 490 241 -1.
513 171 671 243 nucem.
693 175 833 245 utute
860 176 938 245 lON.
962 179 990 265 S.
1005 179 1039 251 ³.
1101 178 1176 251 M

69 354 149 440 gari,
173 351 323 444 ιῖρχετος,
344 356 440 441 enjus
462 367 602 421 neutrum
629 375 787 441 superesse
818 357 998 423 substantivi
1026 359 1177 447 signifiea-

69 458 183 521 tiouem
205 456 317 522 hahens
336 455 376 525 ed
396 452 549 550 ἀρχεῖον,
571 459 602 523 id
623 480 680 544 ego
702 480 824 537 vereor,
848 481 887 525 ne
915 462 952 525 ad
978 483 1043 527 rem
1074 463 1174 539 minus

70 560 242 645 pertineat3
266 581 336 624 nam
357 555 480 651 α’ρχαία
502 562 576 627 illud
598 561 778 628 Scholiastes
794 562 1012 637 substantivum
1028 584 1096 629 esse
1110 584 1177 629 ore·

70 662 163 738 didit,
192 682 253 725 uon
278 663 474 747 adjectivum
503 664 609 729 deinde
632 663 672 731 ed
697 658 833 753 α’ρχιῑαν
855 675 926 751 typo
948 665 1057 737 dieitur
1077 667 1176 751 topien

69 776 104 829 nt
125 768 289 851 dempster,
309 765 461 853 σχολαῖον
482 776 541 830 ete.
566 787 691 850 quorum
711 766 859 851 ndJeetive
881 788 941 830 non
962 767 1057 853 magis
1071 767 1104 831 in
1118 786 1176 835 usn

68 869 161 946 fuere,
177 887 264 950 quem
287 863 437 952 αφηκιός,
458 860 663 954 μυρρνηκιός,
686 888 782 951 neque
805 867 1106 964 derivationisoensn
1125 890 1174 935 es·

69 971 149 1035 sumi
178 989 303 1032 neeesse
331 978 389 1032 est.
441 969 554 1032 Verum
585 969 658 1033 illud
687 971 926 1035 commenticium
956 971 1177 1037 substantivum

69 1067 196 1161 υἷρχαία
212 1071 276 1154 jam
299 1091 352 1154 pro
374 1081 551 1156 argumento
573 1070 699 1134 affertur
720 1092 738 1135 u
759 1071 859 1137 Sehol.
877 1074 913 1136 ad
927 1073 1015 1158 Pyth.
1036 1071 1173 1137 1V.49⁷.

69 1172 109 1241 πὸ
132 1170 266 1259 δικαίαν
287 1166 534 1259 παροξυτόνως,
556 1170 601 1239 ἵν’
622 1165 645 1263 ᾗ
665 1169 729 1265 τήν
751 1170 867 1258 δίκην,
891 1171 935 1248 αῖς
955 1175 1013 1243 καὶ
1032 1173 1097 1260 τήν
1113 1169 1177 1262 α’ρ·

69 1269 136 1366 χήν
156 1269 302 1363 α’ρχαὶαν
321 1272 540 1364 παραγώγως·
568 1271 592 1361 ἢ
611 1275 888 1362 περισπωμένως,
910 1271 956 1342 ἵν’
979 1270 1002 1367 ἦ
1023 1276 1176 1346 δικαίων.

71 1377 168 1442 Hodie
190 1376 326 1445 θιιιαιᾶν
346 1379 499 1456 scribitur,
522 1397 579 1443 neo
600 1388 699 1462 potest
720 1377 782 1441 ullu
803 1397 840 1441 ea
860 1377 896 1440 de
917 1397 952 1441 re
974 1400 1042 1443 esse
1055 1389 1179 1447 eontro·

74 1480 196 1556 versla3
229 1481 282 1545 sed
304 1479 386 1572 prior
406 1479 615 1564 interpretatio
637 1501 673 1544 eo
695 1478 803 1569 valuit,
825 1489 860 1545 ut
880 1475 992 1546 δικαία
1011 1482 1044 1547 iu
1068 1502 1179 1548 nume·

71 1604 140 1648 rum
168 1603 400 1668 paronymorum
426 1583 605 1646 referretur.
665 1580 749 1662 Quod
778 1602 867 1666 quum
895 1594 1035 1666 apparent
1062 1594 1178 1650 temere

73 1686 305 1768 inconsulteque
336 1686 447 1749 laetum
476 1704 564 1759 esse,
594 1704 695 1747 noune
724 1683 852 1768 suspicio
883 1685 998 1750 erroris
1029 1687 1179 1770 proserpit

72 1789 218 1872 longius?
239 1786 266 1851 si
286 1781 464 1871 praesertim
478 1787 712 1850 demonstratum
728 1785 832 1861 fuerit,
853 1806 939 1870 quem
959 1787 1064 1872 eupide
1077 1809 1180 1874 quam

73 1912 132 1974 que
154 1889 310 1954 libidinose
334 1899 456 1954 veteres
480 1887 590 1952 artium
616 1887 779 1973 scriptores
807 1887 839 1955 in
864 1887 919 1954 hae
948 1872 1038 1954 eausa
1064 1891 1180 1957 verenti

73 1994 160 2058 siutt
203 1990 407 2056 concedamus
434 1990 467 2053 iu
495 2009 638 2073 praesens
651 1984 798 2077 Qeldqooi
831 1991 897 2056 sive
924 1992 1023 2076 potins
1043 1982 1180 2079 Ἀθήνη

74 2082 154 2159 idem
176 2115 285 2158 nomen
308 2115 375 2159 esse
396 2104 486 2176 atque
506 2088 699 2178 Ἀθηναία,
722 2093 788 2176 quis
811 2095 876 2180 jam
904 2094 974 2159 huie
1006 2094 1182 2182 aequiparet
1246 2115 1248 2120 ·

73 2191 335 2285 περιυεφωλαία,
358 2195 435 2281 qnod
448 2204 640 2278 propagatum
662 2195 779 2276 quidem
802 2206 850 2260 est
869 2216 889 2260 a
909 2193 1049 2283 κεφαλή,
1071 2196 1124 2261 sed
1136 2196 1182 2263 sio

74 2312 109 2364 nt
131 2294 310 2384 αεφαλαία,
334 2307 368 2363 ut
388 2287 572 2405 aequilater
594 2306 626 2359 et
645 2291 934 2382 προςκεφιίλαων,
958 2298 1015 2361 hoe
1044 2307 1092 2365 eet
1113 2319 1182 2363 eum

75 2421 192 2467 summa
213 2394 439 2484 siguidoationis
455 2398 669 2484 discrepantia.
722 2395 835 2462 Verum
860 2399 923 2482 jem
950 2399 1024 2463 setis
1051 2398 1182 2484 intelligi

76 2515 162 2589 puto,
185 2501 235 2586 qui
258 2503 298 2567 sit
320 2510 426 2567 causae
447 2512 543 2566 status
566 2511 598 2567 et
618 2519 757 2585 quorsum
780 2498 856 2563 lutee
871 2499 978 2570 ,tenum
997 2499 1180 2584 disputatum

76 2627 158 2672 nune
179 2626 228 2670 me
248 2605 287 2669 ad
308 2603 456 2680 ordinem,
480 2624 567 2687 quem
588 2602 717 2683 institui,
738 2601 881 2669 referem.

163 2913 294 2979 Primum
315 2910 421 2998 igitur,
438 2911 515 2995 quod
537 2910 640 2975 eadem
662 2911 717 2975 dee
733 2929 814 2974 nure
826 2903 985 2995 Ἀθηναα
998 2907 1064 2974 sire
1078 2903 1182 2996 Ἀθηι,
1213 2988 1221 2996 ¹

79 3014 126 3083 νᾶ
153 3015 274 3092 dieitur,
296 3036 378 3081 nune
402 3010 586 3100 Ἀθηναία,
603 3034 678 3076 -non
701 3010 800 3096 magis
827 3012 864 3074 ed
893 3030 1013 3074 eausam
1043 3010 1185 3097 pertinet

78 3138 167 3201 quam
189 3117 299 3201 duplex
321 3118 417 3181 lorma
439 3115 567 3180 nominis
590 3112 726 3200 λεοντὲη
747 3113 814 3177 sive
835 3111 955 3198 λεοντῆ
976 3111 1183 3183 etltooeeto.

79 3222 137 3286 Sed
167 3200 354 3305 Pluryniehus
382 3220 511 3284 domasse
539 3209 673 3305 Ἀθήνη
703 3216 840 3301 scripsit,
875 3215 951 3300 quod
981 3226 1028 3280 est
1049 3215 1131 3289 urbis
1153 3226 1186 3283 et

78 3324 152 3387 deae
174 3321 302 3398 Poliudis
324 3342 433 3386 nomen
456 3342 631 3398 eommune,
663 3319 904 3405 quemadmodum
932 3318 988 3391 dea
1003 3317 1102 3393 -lloma
1123 3340 1183 3385 vo-

79 3436 166 3490 eatur
187 3435 218 3488 et
238 3425 310 3488 urbs
332 3424 440 3501 Roma,
468 3415 652 3506 aliarumque
674 3421 837 3487 eivitatium
860 3421 934 3485 deae
954 3421 1106 3505 praesides
1127 3424 1182 3487 e'n·

80 3527 147 3590 dem
170 3548 226 3610 quo
247 3526 316 3590 illae
339 3528 459 3590 nomine
480 3525 646 3611 nuncupari
668 3523 779 3599 solent,
804 3523 931 3606 Aegina,
954 3523 1098 3611 Myeene,
1122 3521 1183 3609 cy-

80 3650 174 3704 rene,
197 3628 317 3705 Thebe,
348 3628 489 3704 lllrodns,
512 3648 608 3712 neque
632 3625 777 3713 nymphae
800 3624 897 3688 solum
927 3625 980 3689 sed
1011 3626 1184 3690 coelestium

81 3730 303 3796 nobilissimae:
326 3723 487 3818 Ἑρμιόνη
507 3708 669 3816 Ᾰηρυήτηρ
691 3732 748 3798 ναὶ
768 3722 865 3814 Κόρη
886 3730 925 3794 ἐν
951 3719 1186 3812 Συρακούσαις

81 3831 214 3920 Hesyeh.
238 3833 375 3897 Minerva
398 3825 484 3907 >zato
504 3853 535 3896 v.
560 3832 687 3897 Siebelis
708 3831 745 3895 ad
766 3831 855 3894 Pons.
869 3828 906 3894 T.
923 3829 947 3893 l.
972 3827 1047 3908 261,
1072 3825 1185 3912 Gytte:

82 3958 185 4000 rorum
214 3957 361 4021 eponyma
389 3931 544 4024 Κυθήρα
572 3945 606 3999 ut
630 3933 816 3999 Athe'nerum
844 3927 993 4019 Ἀθήνη,
1023 3928 1185 4010 eademqne

83 4036 260 4126 Κυθέρεια
284 4037 451 4124 Cytherea,
473 4060 527 4125 pro
549 4058 606 4124 quo
628 4035 654 4102 si
669 4033 858 4129 Κυθηραία
879 4034 1033 4120 legeretur
1050 4026 1101 4096 vel
1107 4031 1189 4153 pse?
