2506 4492
95 194 144 273 ιο
466 186 786 269 otssnnrarto
814 197 839 266 ι.

96 378 297 451 runcano.
316 375 368 448 ιιι.
391 376 424 442 ι.
444 375 483 449 ι.
506 377 542 445 ιι
560 377 629 448 ιιι.
653 400 681 442 0.
701 375 755 443 cc.
778 398 809 464 p.
830 375 904 442 aso.
927 375 965 442 r.
983 375 1096 444 xuni.
1121 376 1156 445 a.
1175 375 1197 442 ι.

96 483 147 549 vel
166 480 370 556 ὑοςκέτσιτος
389 479 441 552 vul
458 472 745 554 ὑοικετοιτότατσς
763 480 980 564 seponendum,
1003 501 1056 564 pro
1075 475 1200 547 εὑλιιο·

96 578 182 671 τότη
203 583 279 668 apnd
301 583 427 653 eundem
448 582 484 646 de
503 582 606 667 Simpl.
622 582 701 652 Med.
719 582 788 653 Fac.
805 582 863 649 IX.
881 582 912 646 1.
931 604 961 667 p.
979 580 1054 648 189.
1074 582 1112 646 Τ.
1128 581 1197 647 Xll.

96 676 349 770 ιὺλοιατστότη,
371 704 425 768 pro
446 676 646 773 εὑεψότεροι
667 683 779 804 (leopp.
800 684 840 755 ll.
862 683 917 752 25.
942 676 1200 772 εὑεψητότατσι,

98 811 179 854 nanu
189 789 266 889 qupd
280 785 429 857 Nialasius
450 786 540 860 affert
559 789 596 852 ab
613 789 686 872 spo
700 781 828 872 salsatos
844 788 914 857 duci
934 798 968 852 ut
983 809 1002 851 a
1020 787 1109 874 διψῶ
1127 781 1203 855 ὑὺι-

97 906 178 978 ιρις,
201 899 323 974 apparet
339 888 446 953 falsum
465 910 551 968 esses
573 910 627 973 pro
645 885 890 979 ιὺχειρστὲροσι
910 888 1009 955 Schol.
1025 889 1122 953 Thac.
1138 887 1202 955 vtt.

100 992 153 1059 18.
177 989 482 1082 ιὺχειρωτοτὲρσος.
513 992 567 1057 llis
589 992 764 1077 profligatis,
788 1013 913 1077 quornm
934 991 1133 1076 patrocinium
1156 1012 1206 1056 ne·

99 1095 211 1168 minem
233 1104 440 1178 suscepturam
462 1105 551 1178 puto,
578 1104 696 1169 restam
717 1095 793 1172 duo,
823 1115 898 1180 qnae
915 1093 1076 1181 justiorem
1098 1114 1204 1180 synco-

99 1219 155 1285 pae
176 1195 375 1282 suspicionem
397 1197 551 1279 praebent,
575 1218 668 1271 unum
686 1188 934 1283 ὑβριστότερος,
951 1189 1205 1285 ὑβριστότατος,

99 1299 246 1376 alarum,
270 1298 347 1385 quod
370 1297 548 1362 Sohaoierus
565 1298 849 1386 Wyttenbachianis
871 1300 1019 1383 exemplis
1040 1299 1207 1364 accumula·

99 1400 157 1480 vit,
181 1395 422 1490 χαλικρότιρος.
463 1399 549 1473 Prius
571 1400 609 1463 H.
628 1400 806 1486 Stephanus,
829 1402 985 1478 Matthiae,
1009 1402 1205 1466 Buttmannas

99 1504 138 1568 ad
154 1503 350 1567 mascnlinum
366 1498 530 1590 ὑβριστής
547 1502 697 1579 referunt,
714 1504 801 1589 cnjus
819 1503 968 1589 legitimos
984 1505 1095 1590 gradus
1109 1500 1206 1592 ὑβρι-

100 1598 326 1692 στιστότιρος,
350 1595 663 1693 ὑβριστιστότατοι,
693 1606 820 1671 omissos
845 1627 912 1671 esse
937 1617 971 1670 ut
991 1606 1207 1688 inconcinnosp

102 1730 190 1794 qnam
211 1709 359 1781 rationem
381 1708 407 1773 si
429 1708 495 1793 quis
516 1707 616 1791 panllo
638 1708 776 1774 subtilius
798 1718 940 1791 quaerat,
962 1708 1100 1777 inveniet
1121 1730 1205 1787 sane

100 1812 131 1877 id
153 1812 229 1895 quod
251 1809 376 1896 regulae
396 1831 486 1894 supra
507 1809 675 1893 propositae
698 1819 931 1875 consentaneum
954 1820 1018 1886 est,
1042 1811 1148 1875 literas
1169 1795 1214 1878 οἶ

100 1934 253 1998 nunquam
275 1914 347 1977 duas
370 1912 528 1976 continuas
549 1910 679 1997 syllabas
701 1911 848 1975 exordiri.
889 1911 946 1977 Sed
968 1923 1064 1977 restat
1084 1934 1208 1998 scrupu-

101 2017 170 2096 lnsp
198 2036 267 2088 nam
289 2024 324 2085 ut
345 2012 466 2087 Comico
488 2012 562 2087 haec
583 2010 724 2082 licentior
745 2013 926 2081 concedatur
944 2034 1089 2100 syncope,
1114 2016 1209 2081 llero·

101 2119 188 2190 dotus
211 2124 312 2191 certe,
341 2113 512 2199 Xenophon
535 2121 567 2185 et
587 2115 682 2178 ceteri
704 2114 791 2201 hujus
811 2114 942 2192 ordinis,
971 2137 1026 2180 cnr
1046 2117 1208 2188 maluerint

101 2218 234 2284 nativam
252 2217 389 2301 vocabuli
406 2218 532 2282 formam
552 2216 734 2294 adulterare,
758 2238 845 2302 qnam
860 2214 1147 2306 ὑβριοτικότατος
1165 2220 1207 2285 ui·

103 2342 192 2401 pere,
223 2321 300 2405 qnod
321 2312 503 2388 tantumdem
530 2318 612 2395 valet
638 2340 695 2384 nec
716 2319 815 2384 minus
838 2321 994 2404 probatum
1018 2333 1066 2388 est
1092 2345 1125 2387 v.
1149 2322 1207 2388 tta.

102 2423 214 2495 mosth.
235 2421 319 2501 218,
341 2420 396 2489 27.
426 2431 486 2495 eta.
513 2421 571 2497 viu
596 2421 726 2507 intelligi
753 2432 874 2506 potest.x
908 2422 1012 2507 Neque
1036 2435 1153 2509 perstat
1177 2423 1207 2494 it

102 2525 255 2602 senmntia
275 2523 436 2605 Matthiae,
468 2523 541 2601 sod,
570 2535 760 2610 posteaquam
782 2521 1027 2613 ὑβριστότατος
1050 2527 1088 2591 ad
1110 2524 1209 2616 ὑβρι·

104 2625 187 2716 wis
207 2625 325 2701 retulit,
347 2626 429 2699 addit
449 2635 550 2692 ιιιιιτιι
568 2625 779 2696 Pherecratem
801 2639 833 2693 ct
849 2627 1003 2692 Platonem
1025 2630 1157 2695 comicos
1177 2630 1209 2699 iu

104 2730 219 2806 Αιιοσιὶ.
243 2749 273 2813 p.
297 2723 378 2802 368,
402 2725 455 2789 17.
474 2722 645 2815 ὑβριοτοσ
665 2729 780 2826 χρῆμα
801 2730 932 2808 dixisse,
960 2743 1104 2804 accentus
1125 2733 1209 2798 inca

103 2833 216 2899 riscus.
262 2827 469 2930 Quemquam
497 2847 558 2898 non
582 2849 638 2893 sno
660 2821 726 2898 Ιοοο
750 2830 879 2916 positum
907 2853 975 2899 esse
1001 2845 1121 2919 putaret
1141 2835 1210 2901 Pas

103 2932 226 3012 ιοιίιιι,
256 2930 346 2996 ιιτίιο
369 2909 527 3017 ὑβριστός
551 2930 671 3015 scripsit
694 2943 729 2997 nt
752 2926 955 3016 σπανιστόρ,
984 2957 1081 3020 aquo
1107 2958 1211 3023 supen-

105 3037 232 3102 lativum
249 3023 491 3154 ὑβριστότατος
507 3033 634 3108 arcessit
653 3035 706 3099 sed
721 3036 902 3114 dubitanter,
923 3037 991 3122 qnia
1004 3038 1210 3106 Meblhornios

107 3145 199 3222 negat
221 3128 382 3223 ὑβριοτός
406 3136 521 3210 aut
589 3157 707 3201 nomen
723 3139 905 3224 participiale
932 3162 989 3205 neo
1015 3141 1229 3225 compositum!

33 3318 36 3323 γ
106 3239 235 3315 activam
256 3237 366 3317 habers
387 3237 485 3323 signifi
525 3308 527 3314 ,
566 3259 646 3311 nem.
692 3239 749 3305 Sed
774 3241 850 3306 hanc
873 3242 932 3314 viri
954 3242 1068 3328 egregii
1096 3243 1211 3309 dubia.

39 3331 42 3336 ’
107 3341 221 3418 tionem
242 3339 322 3417 tollit
341 3338 392 3405 vel
409 3340 591 3409 homericum
608 3338 727 3428 τλητόε
741 3339 871 3430 θυμός,
895 3366 991 3430 neque
1014 3346 1114 3419 obstat
1134 3345 1213 3432 quod

109 3442 303 3518 Grammatiui
329 3442 426 3516 nostri
456 3445 492 3514 da
520 3443 676 3528 adjectivis
702 3446 872 3517 verbalibus
901 3468 955 3531 pen
982 3448 1093 3532 gradus
1121 3447 1213 3513 motis

109 3554 230 3623 lacerta
252 3565 320 3619 nam
339 3540 564 3631 ζηλωτότατος
581 3544 693 3630 legitur
713 3567 760 3631 ap
776 3547 1072 3615 auscultastis.
1096 3544 1214 3620 ὑστια-

108 3638 268 3733 στότιροι
295 3646 425 3722 llerodo.
456 3648 482 3712 l.
510 3645 565 3721 62
608 3639 827 3735 ὑὶριτότεροο
855 3651 1011 3736 Βοιιοιβι.
1042 3650 1123 3729 657,
1153 3652 1210 3722 21.

107 3742 394 3835 θαυμαστότερον
418 3748 582 3814 Sextnsc.
606 3748 697 3837 Phys.
719 3772 749 3836 p.
774 3751 848 3817 577.
885 3745 1054 3844 ῥητότατα
1077 3756 1211 3871 P‘uMm

109 3872 140 3949 p.
164 3849 239 3916 373.
270 3872 298 3915 ο.
321 3850 401 3935 Lug
426 3872 456 3937 p.
480 3849 555 3917 399.
572 3844 860 3929 σιεὺαστότατοι
887 3854 997 3921 Plotia.
1024 3878 1071 3941 ap.
1080 3830 1196 4005 lpseb

80 4021 82 4025 ⁴
111 3941 395 4075 Ριιορ.Χ9.862.
413 3951 448 4029 Β.
478 3945 725 4045 αἰοθητότιρορ
744 3868 1214 4077 Simpl.1nEneh.Xlll.l141

109 4049 303 4179 οἰστότιροτ
318 4053 434 4129 lleliod.
451 4053 490 4123 11.
506 4054 561 4136 24,
580 4052 633 4130 88·
661 4051 975 4150 ποριποὺητότιροτ
992 4059 1216 4167 apparatio.
