2506 4492
240 196 300 264 DE
322 193 509 263 Antuct'.
533 194 747 264 tttttotttt..
776 197 812 262 C.
832 197 870 266 V.
900 199 929 283 5.
948 196 982 264 6.
1097 198 1166 265 291

68 381 148 460 ναξ,
176 387 208 442 et
227 375 353 468 χόδροψ
373 374 439 441 siva
459 373 621 467 χίδροπος
644 394 710 442 oum
730 375 846 469 χίδρον
868 389 1045 464 cognatum3
1078 377 1169 464 βαί-

67 482 139 564 λοψ
167 472 264 568 λμοίς,
300 473 324 546 ὦ
349 473 431 552 τοῦς
456 471 660 568 νικηφόρους
686 472 852 548 αὐαδοῦσι
880 480 1010 566 Hesych.
1041 481 1169 546 fortasse

68 584 202 650 tumulum
221 583 369 668 signifieat
389 583 425 646 ah
443 583 537 648 οἴλλω
557 583 735 660 derivatum,
758 584 838 646 unde
858 583 972 664 εἲελος,
993 575 1085 657 λλλοίς
1108 595 1168 647 eto.
1202 635 1205 642 .

67 680 249 773 κόλαυροψ
277 706 295 750 a
320 684 424 752 κοίλου
450 695 590 770 repetunt
615 694 727 748 mumta
753 684 907 770 prosodia,
943 696 977 749 nt
1003 674 1171 775 όίγλαυρος

69 794 105 856 uh
128 783 263 879 οἷγλαός,
287 809 304 852 a
324 787 473 875 πέτομαι
492 788 664 874 πέταυρον
685 787 864 871 (quanquam
887 789 942 852 hoo
964 788 1015 852 alii
1036 809 1089 874 pro
1111 812 1171 872 με·

68 893 197 980 τίωρον
216 889 378 974 accipiunt)
398 900 429 953 et
446 890 611 976 πίτευρον
631 895 679 972 (ut
697 882 852 976 όίλευρον,
872 887 1054 978 δίλευρον).
1076 887 1171 974 Ὗοψ

70 997 153 1061 urhis
176 1012 304 1068 nomen,
327 983 462 1075 Πόνοψ
484 990 602 1067 herois,
629 994 713 1077 eujus
734 1012 881 1078 paragoge
902 986 1072 1078 Πανόπη,
1094 991 1173 1058 Πα-

68 1102 210 1183 ponpa,
237 1095 323 1180 alpha
347 1093 528 1178 corripiunt,
559 1095 781 1159 macedonicum
809 1094 972 1183 αλμίποψ,
997 1093 1173 1187 μεργίλοψ,

69 1203 173 1287 οἴροψ
200 1192 342 1286 (ήίροψ,
366 1193 493 1284 οἷίροψ,
520 1198 621 1282 ἔροψ)
651 1196 766 1279 aliaque
790 1198 827 1260 ad
849 1199 898 1282 Aj.
926 1221 955 1284 p.
979 1196 1054 1262 416.
1085 1196 1175 1260 allata

70 1304 128 1369 vix
157 1301 347 1386 oonjeoturae
375 1298 472 1361 looum
497 1297 688 1382 relinquunt,
723 1320 779 1363 neo
804 1309 921 1363 constat
945 1299 1075 1372 omnium
1099 1298 1174 1364 sori-

71 1417 180 1492 ptura;
223 1401 293 1486 quin
321 1401 357 1464 de
383 1401 516 1485 priorum
545 1422 660 1485 quoque
690 1401 900 1465 terminatione
931 1412 1075 1465 certatum
1107 1421 1174 1466 esse

46 1528 50 1534 ·
73 1514 195 1592 apparet
222 1524 263 1567 ex
285 1501 425 1586 Stephani
449 1503 550 1566 verbis
578 1523 605 1566 n.
627 1502 768 1589 Αἰθίοψ
789 1539 831 1552 —
853 1498 894 1570 οῦ
916 1501 979 1592 μοίρ
1002 1496 1177 1588 οἷληθῆςὸ

71 1597 301 1698 ’Υψικροίτους
323 1596 420 1692 λόγος
442 1602 485 1678 οἷς
507 1601 607 1671 οῦδὲν
629 1608 675 1678 εἰς
697 1592 747 1687 ὦ
770 1599 863 1693 λήγει
886 1601 971 1691 παρ’
989 1597 1122 1694 Ὁμήρῳ
1146 1607 1177 1670 εἰ
1205 1678 1207 1683 ,

73 1709 125 1802 μή
146 1707 185 1777 τό
206 1703 401 1806 καλαῦροψ·
432 1706 496 1773 eloi
517 1705 553 1773 ot
574 1707 631 1775 καλ
652 1707 691 1773 τό
712 1701 760 1794 όψ
782 1707 838 1775 καλ
858 1708 896 1774 τό
916 1706 1043 1796 μίροψ.

159 1815 223 1885 Εἰς
244 1826 295 1897 υψ
319 1807 464 1889 σποίνια,
493 1806 616 1896 Κίυυψ
641 1801 801 1897 όλιμήυ,
829 1803 979 1897 Χοίλυψ,
1003 1801 1119 1896 ’Ἇρυψ
1144 1810 1179 1874 οἱ

75 1916 174 2006 μέχρι
199 1909 351 2000 Ἰσθμοῦ
377 1907 521 2001 Ἀχαιοί,
559 1908 641 1998 ὅπερ
670 1913 727 1979 καλ
753 1910 1021 2002 μονοσυλλιίβως
1049 1910 1180 1998 λέγεται

75 2020 259 2104 Theognost.
284 2016 384 2080 Cram.
410 2013 447 2076 ll.
477 2012 531 2079 98.
576 2015 761 2080 Postremum
790 2037 844 2102 per
868 2003 899 2083 π
926 2015 1092 2081 declinatur
1117 2011 1179 2080 τοῦ

68 2117 223 2209 Ἀρυπος
244 2131 278 2183 ut
295 2130 326 2183 et
344 2115 516 2204 Γίργυπες
533 2116 648 2204 νεκροί
665 2119 796 2205 llesyoh.
816 2119 877 2207 τῆς
892 2116 1051 2192 Κίνυπος
1067 2116 1176 2181 Herod.

75 2224 130 2289 lV.
150 2221 224 2287 198.
250 2219 325 2304 quod
347 2229 393 2282 est
414 2218 546 2302 nogionis
569 2239 690 2296 nomen,
713 2223 765 2285 sed
787 2222 870 2287 llnvii
888 2219 1011 2308 Κίνωψ
1033 2220 1095 2288 τοῦ
1113 2216 1182 2287 Κί-

72 2347 188 2411 νυφος
209 2322 323 2384 Αιιοοδ.
343 2321 437 2385 Bell.
460 2343 490 2405 p.
513 2319 606 2412 4342.
632 2323 707 2406 quod
730 2322 818 2387 aliter
839 2325 1002 2388 inflectitur
1022 2319 1090 2390 α’πό
1113 2325 1182 2390 Κι-

76 2425 194 2514 νῦφου
215 2423 376 2509 ποταμοῦ
395 2423 527 2510 llesyeh.
550 2446 578 2489 s.
596 2419 782 2512 Κιυόφιου.
821 2423 855 2488 ln
876 2410 932 2512 ωψ
954 2447 1028 2508 quae
1052 2434 1178 2500 exeunt,

78 2542 131 2596 aut
152 2525 416 2614 paraschematista
442 2538 513 2591 sunt
538 2537 572 2591 ut
595 2525 710 2612 κίρκος
731 2526 865 2613 κέρκωψ
892 2549 922 2591 v.
947 2526 1119 2590 Schneider.
1144 2525 1191 2589 ad

78 2633 207 2699 Aristot.
231 2629 267 2693 T.
287 2625 338 2690 lll.
360 2624 434 2690 387.
457 2624 565 2717 μῦωψ
586 2628 673 2716 μυῑοί
696 2655 746 2704 τις
768 2628 898 2716 Hesyoh.
921 2626 1033 2715 κίυωψ
1055 2624 1183 2714 θηρίου

80 2735 124 2799 ld.
149 2734 225 2819 qnod
249 2751 315 2794 oum
337 2722 490 2805 κνωπεῦς
512 2726 633 2818 ἄρκτος
658 2743 689 2796 et
710 2752 776 2796 eum
798 2733 987 2818 generalibus
1009 2730 1182 2795 animalium

80 2835 234 2902 voonhulis
265 2829 468 2915 κινιόπετον,
501 2832 628 2922 κνιόδη,
655 2830 831 2916 κνώδαλα,
863 2833 1018 2917 κίναδος,
1050 2831 1182 2912 οκίναξ,

81 2957 269 3004 communem
299 2935 445 3019 originem
477 2935 586 3002 hahere
615 2937 753 3016 videtur3
795 2941 865 3027 ἴωψ
891 2939 981 3024 piscis
1008 2939 1136 3000 fortasse
1165 2954 1184 2997 a

82 3041 184 3106 colore
216 3037 436 3101 denominatus.
487 3037 655 3129 Ἀμχίλωψ
687 3037 756 3108 οἷπό
786 3041 850 3108 τοῦ
879 3037 976 3129 ἔγμῦς
1004 3037 1092 3106 εἶναι
1120 3034 1184 3104 τοῦ

82 3139 272 3229 ὀφθαλμοῦ
301 3139 408 3204 Galen.
438 3140 536 3206 Dehn.
559 3144 638 3207 Med.
668 3142 743 3209 362.
772 3166 802 3228 p.
825 3141 900 3208 438.
930 3144 966 3207 Τ.
990 3142 1077 3206 ΧΙΧ.
1108 3141 1184 3227 quod

81 3266 187 3330 parum
215 3242 355 3307 credibile
383 3253 448 3318 est,
482 3264 579 3328 neque
608 3246 749 3309 convenit
775 3246 857 3309 affini
883 3245 996 3308 nomini
1024 3241 1183 3333 αἰγίλωψ,

83 3347 161 3430 quod
182 3346 356 3409 Alexander
376 3344 470 3426 Trall.
494 3345 531 3409 ll.
555 3345 594 3425 8,
617 3346 690 3412 163.
715 3349 750 3412 ab
773 3348 825 3412 illo
847 3348 989 3412 discernit
1012 3345 1054 3414 οῦ
1073 3338 1186 3434 μόνου

84 3447 272 3537 αἰγίλωποις
299 3441 382 3513 ditat
407 3446 463 3513 καλ
484 3443 688 3538 οἷγχίλωπας.
727 3449 765 3518 Ὁ
785 3445 909 3536 ῦοίλωψ
935 3452 968 3515 in
991 3449 1089 3515 Schol.
1114 3448 1185 3533 llip·

82 3572 169 3636 poor.
192 3551 229 3614 Τ.
254 3548 291 3612 ll.
315 3571 345 3634 p.
368 3548 443 3614 222.
467 3547 615 3641 ῦελίψην
636 3553 702 3618 sive
723 3555 890 3618 vitriarium
913 3552 1081 3639 significare
1102 3550 1186 3612 vide·

83 3665 155 3732 tur3
187 3653 223 3717 de
245 3644 423 3751 αλμοίλωψ,
445 3649 639 3743 θυμάλωψ,
661 3648 860 3743 υυκτοίλωψ,
883 3657 986 3741 quihus
1008 3655 1044 3719 H.
1063 3648 1186 3735 Stepha-

84 3775 144 3819 nus
166 3753 284 3818 literam
305 3757 324 3822 λ
345 3754 550 3844 interpositam
571 3769 672 3842 putat,
701 3758 771 3822 alihi
794 3761 931 3844 exposui.

173 3957 410 4042 Compositorum
442 3959 580 4045 exempla
611 3962 726 4045 profert
756 3962 928 4026 Athenaeus
958 3959 1012 4022 lX.
1042 3955 1117 4021 409.
1147 3957 1183 4022 Β.

86 4059 182 4150 πυροί
203 4073 277 4135 τοῖς
297 4073 467 4150 τραγικοῖς
492 4062 549 4130 καλ
569 4074 642 4137 τοῖς
669 4077 828 4150 κωμικοῖς
849 4054 1082 4149 παροξυτόνως
1105 4055 1185 4148 oiad-

960 4162 1029 4242 'hhl‘
1082 4193 1085 4197 ·
