2506 4492
252 172 706 269 cenomannorum.
738 190 776 257 o.
794 186 820 257 1.
850 191 880 278 ς.
903 190 936 259 a.
1103 192 1150 261 ru

57 371 151 437 nau.
165 393 197 457 p.
210 367 266 436 20.
284 390 408 454 quorum
422 379 606 456 postremum
618 367 749 435 Galenus
760 369 856 445 lber.
869 373 906 437 od
920 371 1023 437 Pison.
1034 371 1147 438 XVlll.

55 472 118 541 tto.
140 473 176 536 T.
201 472 286 537 XlV.
310 493 329 537 a
350 474 443 536 verbo
466 470 595 561 φθείρω
618 472 737 556 repetit.
778 472 822 538 De
844 474 958 559 primo,
982 477 1059 560 quod
1081 475 1149 541 lati·

55 597 113 641 uum
133 575 186 639 ltir
207 597 235 639 s.
259 577 292 638 ir
312 595 381 638 esse
404 576 552 655 creditur,
576 574 921 640 consentit'Eustathius
942 599 972 661 p.
993 575 1068 653 119,
1091 574 1145 641 38.

53 678 190 766 μσσῆρες
211 681 249 744 ἐν
270 677 437 763 θηλυκοῖς
457 676 496 743 τό
516 675 603 767 χείρ,
633 677 834 741 Herodianum
854 678 982 744 fortasse
1004 700 1146 764 sequens,

53 783 125 867 cujus
148 792 196 844 est
215 779 269 843 illa
295 781 332 843 de
353 780 495 864 genitivis
516 771 633 869 χορρός
655 790 687 844 et
707 771 807 869 χηρός
828 781 1005 865 disputatio;
1036 782 1093 846 etsi
1113 782 1147 846 in

53 882 118 947 libro
137 882 216 968 περὶ
237 872 413 968 μοσήροος
434 883 627 966 praeteritur.
668 882 834 947 Secundum
856 884 976 948 diverse
998 883 1146 968 interpre-

52 995 122 1049 tutur
142 984 353 1067 Moschcpulus
376 984 485 1068 Opusc.
508 1005 538 1068 p.
563 983 615 1049 51.
645 985 695 1072 εἴρ
716 983 845 1072 λαίλαψ
867 982 892 1071 ἢ
913 981 1146 1072 λαρσπηδοὶσῆ

51 1081 153 1173 bopo
179 1085 361 1169 acceptori,
395 1085 480 1171 cujus
506 1087 619 1149 mentio
648 1097 695 1150 est
720 1108 767 1171 ap.
797 1087 940 1153 Basilium
969 1089 1002 1152 in
1028 1087 1144 1151 Anecl.
1179 1127 1186 1139 ·

52 1188 180 1254 buisson.
208 1188 243 1251 T.
268 1186 320 1250 lll.
347 1185 422 1251 139.
452 1188 621 1272 appellativi
646 1190 791 1253 memoria.
818 1191 943 1254 evanuit
969 1211 1026 1254 nec
1051 1189 1147 1255 scitur

53 1312 181 1374 graecum
203 1290 244 1353 sit
271 1311 310 1353 au
332 1290 501 1354 barbarum.
548 1290 692 1369 Quartum
719 1293 874 1357 accumulo
897 1290 977 1379 Σοίρ
999 1285 1147 1377 σειρόςὸ

51 1389 134 1478 ἧλος
154 1392 214 1459 καλ
234 1389 356 1476 σείριος
375 1391 457 1454 Suiu.
481 1393 559 1456 unde
582 1392 737 1480 neapoleo
761 1406 877 1470 manat,
900 1396 976 1479 quod
997 1396 1075 1460 ilem
1097 1395 1145 1459 in·

52 1505 226 1579 terpretatur
244 1491 400 1580 ξηραὶσω,
425 1492 550 1557 latinum
571 1516 661 1558 serus
681 1492 822 1580 (ξηρός),
846 1518 986 1572 owenus,
1008 1517 1142 1561 σσσσσσο.

52 1632 87 1648 -
100 1594 258 1661 Ce'lebn'or
274 1606 322 1659 est
338 1596 510 1659 terminatio
531 1583 590 1682 ᾖ,
611 1593 682 1682 θήρ
704 1597 769 1661 sive
792 1591 860 1686 φήρ
872 1604 921 1680 ⁷),
943 1591 1021 1687 κη’ρ,
1043 1593 1145 1683 clipei

52 1692 166 1786 σκώληξ
185 1697 337 1781 Mosobop.
359 1697 465 1761 Sched.
490 1718 518 1781 p.
539 1697 592 1760 54.
617 1699 665 1781 (ut
685 1694 798 1788 χολλοψ
820 1722 839 1764 a
860 1712 950 1784 gente
972 1701 1145 1765 denomina-

52 1809 103 1887 tus)
120 1797 180 1891 χήρ
199 1801 328 1884 (heres),
347 1800 593 1885 andronymicum
605 1795 672 1885 Ἠρ
690 1800 823 1866 Platonis
841 1802 939 1864 fabula
958 1801 1145 1865 nobilitatum

51 1914 77 1967 et
98 1903 250 1988 gentilicia
274 1902 382 1987 Σῆρες
387 1952 416 1982 ,-
434 1901 579 1990 Τρῆρες,
612 1902 741 1991 Τροῐρος
768 1903 871 1988 Stepb.
916 1904 965 1968 Ex
990 1902 1144 1988 bisyllabis

51 2016 195 2071 contracta
216 2016 288 2068 sunt
308 2004 386 2090 κῆρ,
409 2004 492 2092 accip
515 2005 622 2069 Galen.
647 2007 684 2070 dc
707 2006 810 2091 Comp.
833 2007 913 2072 Med.
936 2027 963 2071 s.
986 2005 1078 2070 Loco.
1102 2003 1142 2069 V.

51 2104 114 2173 tul.
136 2109 174 2172 Τ.
198 2106 269 2173 Xll.
300 2107 349 2189 qui
376 2107 469 2170 multo
495 2108 614 2192 saepius
641 2107 742 2195 στέαρ
768 2110 890 2185 scribit,
922 2121 954 2174 et
975 2102 1036 2197 ἦρ,
1064 2107 1144 2196 qnod

51 2208 206 2275 lbeotlosio
227 2232 259 2294 p.
279 2206 352 2272 198.
375 2210 557 2273 reddendum
579 2232 632 2295 pro
655 2211 738 2299 φῆρ,
760 2233 828 2275 nam
851 2219 925 2297 qnae
942 2211 1143 2296 Goetuingine

51 2314 193 2398 proposuit
213 2312 284 2398 φᾶρ
308 2321 340 2374 et
360 2312 466 2398 φρῆρ,
495 2332 598 2377 eorum
620 2315 701 2398 prius
723 2314 880 2379 nonsatis
905 2315 1048 2379 convenit
1074 2335 1143 2378 cum

51 2414 163 2500 ffiquis
190 2414 338 2497 exemplis
367 2416 463 2479 media
490 2435 507 2478 e
533 2416 750 2481 consuetudine
779 2415 884 2479 sumtis
914 2416 1143 2499 quotidianoque

51 2536 197 2592 mone,
233 2517 361 2581 alterum
387 2516 564 2581 inusitatum
591 2529 649 2581 est.
700 2515 773 2580 ltem
802 2517 1014 2579 contractionis
1042 2526 1144 2579 notam

51 2640 110 2703 prae
130 2640 165 2685 se
181 2620 249 2684 'fert
274 2612 367 2708 Βλήρ
389 2618 544 2691 αἰολικῶς
567 2615 606 2684 τὸ
627 2616 741 2704 δέλεαρ
768 2617 873 2703 Etym.
894 2619 937 2682 Μ.
971 2609 1065 2702 Βλήρ
1088 2613 1144 2681 δέ·

51 2721 134 2810 λσαρ·
168 2720 208 2788 τὸ
229 2721 265 2788 ‹lb
286 2718 369 2789 αὐτὸ
393 2721 451 2789 καὶ
471 2715 595 2807 ἆσθμα
610 2721 657 2804 8),
685 2714 768 2806 παρ’
787 2716 994 2806 Ἀλκμαίωνι
1016 2717 1039 2808 ἦ
1059 2719 1144 2798 λέξις

51 2823 172 2912 llesych.
204 2824 260 2888 hoc
282 2836 345 2900 est,
375 2836 464 2909 puto,
495 2826 570 2909 apud
591 2824 794 2909 philosophum
817 2823 1062 2901 Crotoniensem,
1093 2824 1143 2890 cui

51 2946 148 2992 nmen
170 2927 318 2991 aeolicum
345 2928 452 2991 melius
480 2926 622 2991 convenit
648 2947 734 3010 qnam
762 2937 867 3009 poetae
892 2927 1025 3000 comico,
1057 2929 1142 3011 cujus

51 3031 223 3094 uentionem
248 3028 387 3114 injiciunt
408 3029 607 3113 interpretes3
640 3023 776 3115 Βληρόν
798 3028 912 3109 δέλεαρ
941 3028 1023 3092 Suid.
1053 3028 1142 3093 litera

51 3130 135 3208 leba,
166 3153 241 3215 quae
264 3154 330 3196 cum
351 3130 468 3195 lambda
488 3130 653 3196 consociari
673 3142 812 3207 recusat,
841 3131 873 3242 ip
894 3135 919 3218 β
940 3141 1053 3194 mutata
1073 3151 1142 3194 aem

51 3231 98 3298 loe
117 3244 153 3298 ut
173 3229 302 3311 ολελος,
324 3226 515 3322 cuppam.
550 3235 703 3299 Postremo
726 3234 802 3319 quod
821 3204 1007 3298 Herodianus
1028 3233 1065 3299 ad
1087 3254 1142 3300 ex·

51 3390 252 3410 -μι--σ--ν

106 3474 134 3539 7)
152 3473 286 3526 Feminino
297 3469 382 3544 ἤθῆρ
394 3476 436 3526 usi
447 3482 508 3526 sunt
517 3458 642 3528 Aelianus
655 3475 687 3529 ll.
695 3474 761 3527 Anu.
770 3473 812 3527 Vl.
823 3477 865 3532 tt.
881 3475 964 3529 XVll.
976 3478 1016 3532 lt.
1030 3477 1139 3544 Oppiam.

51 3557 104 3630 lpn.
117 3559 164 3612 lll.
177 3563 239 3612 449.
257 3559 367 3612 Nieand.
382 3561 461 3612 Ther.
475 3562 536 3613 357.
550 3570 577 3613 et
589 3563 648 3615 811.
667 3559 749 3613 Nonn.
762 3559 821 3614 XV.
836 3562 894 3615 197.
913 3561 1029 3615 XLVIll.
1043 3564 1102 3617 738.
1126 3620 1131 3625 ,

104 3647 134 3715 8)
152 3647 222 3698 llaec
240 3648 394 3712 significatio
412 3649 515 3700 aliunde
533 3655 632 3710 tracte,
658 3648 768 3700 fortasse
786 3663 802 3698 a
818 3645 903 3717 φλᾷν,
923 3651 1006 3712 flare,
1028 3645 1141 3719 παφλά-

51 3735 104 3796 1ισ,
130 3733 183 3785 nisi
206 3734 257 3785 alio
281 3734 354 3785 ducit
370 3733 492 3803 Hesycbii
513 3732 598 3797 glossa
613 3733 720 3803 Alope
740 3729 843 3805 δέλεαρ.
881 3733 934 3786 Cur
956 3751 1018 3787 vero
1040 3726 1141 3799 ἆσθμα

51 3819 131 3887 bique
151 3820 276 3871 scribitur
294 3828 383 3872 contra
397 3819 580 3871 Technicornm
596 3819 778 3870 auctoritatem
795 3826 831 3880 et,
851 3821 901 3871 nisi
918 3820 950 3872 ab
965 3810 1041 3883 οἶσῖζω
1057 3826 1140 3870 ortum

51 3906 127 3967 obet,
156 3912 248 3956 contra
266 3907 409 3958 rationem?
443 3901 519 3976 Βλήρ
536 3920 568 3956 ex
585 3899 676 3974 δέλεαρ
694 3912 852 3956 contractum
875 3906 971 3957 inflecti
988 3903 1079 3955 debere
1097 3902 1139 3953 ‹lo-

51 3999 80 4043 et
94 3991 242 4057 (lcettling.
262 3993 293 4042 ule
310 3992 371 4044 Ace.
391 4009 417 4060 p.
430 3992 491 4049 219.
511 3986 570 4059 Βὴρ
586 3985 619 4042 rei
635 3993 721 4059 φρέαρ
737 3985 807 4059 παρ’
821 3987 965 4058 Ἀσσυρίοις
981 3987 1138 4049 Scholllio·

52 4093 95 4149 ys.
113 4079 181 4133 911.
202 4079 289 4131 eodem
307 4086 413 4131 accentu
431 4077 498 4145 npud
515 4075 671 4144 Stephanum
688 4084 715 4129 et
731 4076 895 4144 Heepcbinru.
