2506 4492
272 170 331 236 nu
359 168 525 238 uouru.
555 168 725 234 uouos.
756 168 838 236 nr.
868 171 897 256 ς.
918 169 951 238 ο.
1104 171 1173 241 rm

58 351 209 440 deyckius
235 347 326 438 στρίξ
346 350 413 415 sive
436 346 547 438 σκρῖγξ
560 348 714 413 Antonino
731 371 765 414 o.
782 347 869 412 XXI.
893 359 926 414 et
940 349 1088 437 Hesychio
1104 352 1172 416 red·

59 455 146 532 didit,
181 453 310 517 fortusse
334 474 353 516 a
374 474 483 537 gruem
504 451 601 537 τρίζω
629 452 808 515 derivatum.
854 451 1006 536 Ignotiorc
1029 454 1170 538 quaedam

60 556 232 643 Hesychius
255 556 381 639 promit:
412 552 524 640 Kpr'uo
547 552 674 639 κρίκον,
703 555 780 638 quod
801 554 832 616 in
855 557 1038 639 metaplastis
1060 565 1171 619 tracta·

58 661 160 738 bitur3
199 656 283 744 Βρίξ
313 655 400 731 εἶδος
428 651 580 735 άκθοος,
613 661 646 722 οἱ
673 656 708 722 dd
737 657 999 742 περιστερεώκα,
1028 679 1081 742 pro
1111 677 1169 741 qup

58 761 262 825 Schneiderus
284 760 315 823 in
338 759 414 822 Lex.
441 758 494 822 Gr.
522 758 622 843 Suppl.
648 780 674 822 s.
700 756 886 844 Θριάακίκη
908 760 1047 844 proponit
1066 758 1170 846 βρέν-

59 868 130 941 det,
162 883 258 946 neque
288 862 350 925 scio
380 882 420 925 ex
448 860 550 924 multis
580 860 667 945 hujus
689 860 797 924 herbae
823 861 972 924 vocubuiis
995 862 1070 945 quod
1099 882 1170 944 pro·

58 965 125 1050 pius
154 965 195 1027 sit
222 986 307 1048 quam
335 960 478 1047 κριξαλίς
510 962 646 1025 Dioscor.
677 962 751 1025 Mat.
779 962 830 1026 tv.
860 961 922 1042 60,
954 961 1027 1027 549.
1062 960 1166 1050 βρίζο

59 1088 136 1131 vero
165 1086 183 1128 a
214 1067 419 1150 peristercoue
445 1065 564 1149 longius
596 1065 697 1127 distat.
751 1064 797 1126 Ad
820 1064 892 1128 haec
914 1065 1048 1130 adverbii
1070 1064 1168 1129 simile

58 1165 144 1243 Btts
163 1167 322 1256 συνεχῶς,
345 1167 421 1251 quod
444 1167 561 1231 auctius
584 1167 635 1230 sed
651 1186 711 1229 non
729 1165 838 1231 clarius
853 1168 949 1230 reddit
962 1167 1169 1250 Theognostus

58 1271 162 1336 (Iram.
186 1269 211 1334 1.
237 1268 309 1334 184.
339 1268 414 1358 βλάξ
440 1267 479 1336 ‘cd
506 1268 651 1357 συνεχῶς
678 1268 937 1356 βλιχοῖοθαιῖθ).
989 1270 1030 1332 Et
1050 1267 1167 1353 Φρίκες

61 1365 218 1462 χάρακος,
248 1373 350 1437 nescio
379 1393 418 1435 an
447 1393 501 1456 pro
531 1363 659 1456 Φράκες
687 1372 715 1433 id
743 1382 790 1434 est
812 1369 934 1458 (γάρκες
956 1371 1021 1435 sive
1044 1365 1170 1460 φάρκαι

52 1475 187 1561 furcae,
209 1475 296 1551 culli,
321 1476 426 1559 quibus
448 1495 557 1538 nomen
580 1484 627 1536 est
648 1472 796 1558 φοῦρκος
811 1484 841 1537 et
858 1468 958 1561 ὔργαι
972 1495 1004 1536 v.
1020 1474 1166 1559 Aglaoph.

59 1599 89 1663 p.
110 1575 187 1640 866.
217 1576 266 1639 ubi
295 1596 370 1658 quac
399 1576 489 1640 alluta
518 1586 565 1640 est
586 1575 728 1659 Hesychii
757 1574 858 1659 glossa
888 1567 1018 1661 Φάρκος
1045 1589 1167 1665 τεῖχος,

59 1701 96 1743 ea
122 1678 241 1762 quidem
271 1678 403 1762 pertinet
431 1679 467 1741 nd
494 1676 674 1762 Thucydidis
700 1678 799 1740 locum
828 1675 866 1739 V.
889 1675 942 1739 46.
967 1679 1020 1740 sed
1042 1698 1078 1741 eo
1100 1678 1168 1742 loco

57 1776 189 1867 Φάρκος
218 1791 264 1843 est
296 1801 408 1850 nomen
435 1780 583 1864 topieum,
619 1780 737 1862 proprie
774 1780 852 1842 idem
884 1778 1056 1861 significans
1090 1780 1168 1863 qnod

56 1886 222 1972 φοῦρκος,
254 1874 434 1971 ὀχύρωμα,
464 1883 543 1946 sicut
568 1879 713 1946 vocabula
744 1880 870 1966 plurimu
900 1901 941 1944 ex
963 1881 1168 1945 communibus

58 1989 139 2050 iacta
173 1996 246 2049 sunt
274 1995 425 2047 certorum
456 1982 590 2047 locorum
618 1984 754 2069 proprius
796 1974 923 2070 πύργος
951 1983 1081 2047 Herodo.
1112 1981 1166 2047 IV.

57 2086 135 2153 148.
152 2087 250 2177 χῶμα
265 2086 352 2149 Paus.
370 2084 450 2148 Vttt.
463 2085 518 2162 44,
528 2087 560 2150 4.
579 2098 609 2150 et
623 2086 714 2168 vulgo
729 2097 800 2150 nota
815 2084 880 2172 ἴδη,
898 2079 973 2171 61η,
987 2085 1072 2164 ἕλος,
1088 2083 1169 2171 dpu-

56 2189 135 2278 μός,
157 2182 330 2275 πορθμός,
351 2173 438 2277 dior.
482 2188 585 2252 Restat
612 2190 747 2272 quintum
775 2187 840 2263 Λίξ
868 2181 1008 2275 πλάγιος
1037 2182 1168 2255 eudil-

55 2301 125 2366 θος
147 2288 277 2365 πλατύς
306 2302 338 2354 et
354 2290 466 2375 ¹paullo
495 2299 565 2352 ante
587 2288 672 2377 Λίγξ
692 2282 837 2378 πλάγιος
859 2290 1019 2377 καμπτῆρ
1041 2287 1065 2377 ἢ
1087 2280 1169 2380 σχά-

57 2391 197 2480 duppin,
226 2394 274 2456 eui
302 2393 483 2477 interpretes
514 2391 659 2455 vocabula
686 2392 793 2457 similis
823 2394 937 2457 formae
966 2403 998 2456 et
1019 2391 1168 2476 signifiea-

56 2498 152 2566 tionis
183 2507 345 2580 apponunt,
376 2494 499 2586 λε’κροι,
528 2490 648 2579 λίκροι,
677 2491 833 2578 λικριφῖς,
862 2486 989 2583 λεχριός
1021 2505 1052 2557 et
1073 2493 1168 2555 latina

55 2601 166 2685 Ιάρκάο,
191 2598 343 2684 odlo‘puus,
363 2595 496 2660 subdita.
519 2592 732 2681 Moschopudus
754 2594 861 2660 Sched.
878 2617 908 2679 p.
928 2592 1001 2683 166.
1024 2592 1074 2668 di}
1092 2589 1168 2660 ἐπί-

58 2707 181 2768 θετον.

590 2849 599 2866 .
622 2800 655 2868 9.

125 2908 237 2981 Oddc'u
267 2916 314 2988 εἰς
336 2899 395 2991 ot}
418 2893 509 3004 λήγοι
532 2802 645 3002 dodun
665 2912 757 3003 πλήν
777 2906 889 3002 μόνον
910 2912 933 3002 oi
952 2920 1052 2999 προῖξ
1073 2915 1168 2980 Hero-

57 3017 141 3080 dian.
164 3043 201 3082 π.
224 3019 319 3083 Mor.
342 3039 371 3102 p.
388 3017 443 3093 41,
468 3016 520 3111 19.
543 3014 656 3105 μόνον
676 3015 716 3084 τὸ
737 3017 835 3103 προίξ
855 3016 1037 3102 Theognost.
1063 3013 1164 3080 Crem.

58 3118 98 3181 11.
124 3117 197 3182 182.
215 3120 271 3182 ubi
297 3130 462 3204 oxytonum
486 3131 551 3197 est,
582 3133 617 3184 ut
645 3120 748 3199 multis
770 3120 838 3183 aliis
859 3119 933 3182 locis
957 3118 1112 3184 Demosth.
1135 3138 1165 3187 ι

58 3221 149 3285 Onet.
170 3219 194 3284 1.
218 3219 293 3301 868,
319 3219 371 3287 19.
397 3243 424 3286 ο.
448 3221 553 3286 Boeot.
579 3220 675 3298 1612,
702 3220 757 3288 23.
790 3221 891 3286 lsaeus
913 3222 949 3285 de
971 3222 1067 3307 Hagn.
1092 3218 1165 3287 fler.

56 3320 191 3396 88,13.
224 3324 321 3388 Strah.
346 3323 398 3388 lV.
424 3323 498 3400 172.
531 3325 613 3387 Stob.
638 3325 722 3388 Flor.
749 3323 875 3387 txxtt.
900 3321 932 3387 5.
957 3346 986 3408 p.
1006 3322 1082 3400 480,
1111 3322 1165 3388 30.

57 3424 212 3489 Plutarch.
242 3426 278 3491 de
308 3427 385 3491 And.
417 3427 501 3491 Poet.
532 3447 561 3489 ο.
586 3424 638 3489 ΙΙΙ.
669 3426 809 3489 Ammon.
842 3427 878 3491 de
899 3425 1003 3490 Differ.
1035 3449 1066 3514 p.
1091 3424 1165 3490 145.

58 3525 160 3591 Schol.
185 3527 259 3590 Eur.
283 3528 362 3592 Med.
386 3527 461 3593 945.
485 3527 669 3613 Moschopnl.
695 3529 803 3614 Opusc.
828 3550 858 3613 p.
880 3527 954 3605 125,
977 3526 1009 3592 6.
1033 3527 1165 3615 Hesyed.

57 3650 85 3693 s.
101 3628 223 3716 Φέρκκγ,
245 3630 332 3716 idque
343 3630 488 3696 Arcadius
509 3641 613 3696 tuetur
632 3655 663 3717 p.
682 3629 757 3709 125,
780 3628 813 3694 6.
837 3642 868 3695 et
888 3630 966 3695 ratio
988 3629 1064 3714 ipsa,
1086 3630 1113 3694 si
1126 3648 1168 3693 ex

127 3877 173 3944 38)
191 3877 333 3947 Hesychius
349 3874 489 3942 Ἐπίπλαξ
505 3871 634 3948 οοκκεφήε
652 3873 758 3949 νιφετῷ,
778 3883 805 3930 et
819 3872 954 3946 ’Bntptpg
969 3863 1098 3943 οοκκεφῆο
1114 3871 1165 3924 ior·

56 3973 127 4017 tasse
146 3965 298 4018 adverbium
316 3974 358 4020 est
373 3959 487 4036 ἐπιβλάξ
503 3960 624 4033 mepte,
642 3966 709 4033 quod
725 3981 772 4033 pro
790 3981 819 4018 re
832 3969 895 4016 nete
906 3960 1034 4028 sdjcctivo
1055 3954 1166 4028 οοκεγήσ

56 4052 132 4104 reddi
150 4057 243 4118 petest.
