2506 4492
106 162 180 236 Μ
310 160 314 167 ’
372 208 408 233 ,.
443 153 863 226 htssunrtrtottt.

106 349 190 437 prius
208 363 270 410 non
287 332 427 426 expedio,
449 337 503 401 sed
519 338 598 422 ἕριψ
615 335 694 400 idem
709 335 813 400 velere
829 335 949 400 videtur
966 336 1046 421 qood
1061 333 1211 424 ἐρείιιιαν

106 454 137 520 id
159 461 206 515 cst
226 437 439 528 τιτομότιον.
473 439 590 503 Nomen
611 431 695 526 ἧλιψ
715 433 756 506 τό
777 431 940 525 hottepe
959 437 1061 504 Sehol.
1079 438 1209 506 Thence.

106 553 159 618 1V.
183 547 237 615 56.
268 544 385 609 derivat
408 536 502 628 τιαροί
526 535 565 607 τό
588 537 730 607 ἑλίσσιιν
752 537 814 608 τόν
834 533 941 609 πόδα·
969 539 1073 626 inepte
1095 543 1210 626 quidem

105 654 159 721 sed
180 651 247 736 quis
267 647 334 714 veri
354 646 481 709 auctor?
519 642 651 710 Perinde
674 644 833 708 obscurum
856 642 1004 730 κατῆλιψ
1026 640 1211 733 κατήλιφος

105 754 129 843 η’
146 753 234 841 μέση
256 749 356 838 στέγη
378 742 448 823 sind
468 745 530 812 uoti
552 745 664 832 πηλοῦ
684 739 818 833 ἤτινος
837 737 1009 826 τοιοότοο,
1031 743 1084 834 ἐφ’
1103 746 1153 815 οἷν
1169 743 1209 815 τό

103 846 376 945 καταστρώματα
395 849 554 919 τίθενται
573 849 685 912 Auecd.
710 870 739 933 p.
762 846 856 927 1200.
881 848 932 912 uhi
954 849 1109 914 excidisse
1130 852 1209 916 vide-

104 974 172 1042 tur,
203 959 281 1045 quod
303 966 385 1021 certe
410 954 446 1018 ad
472 951 679 1034 explicandum
704 950 834 1015 nominis
856 959 979 1036 etymon
1005 953 1208 1018 necessarium

104 1075 183 1144 erat,
206 1056 275 1129 κἰιό
294 1056 358 1124 τοῦ
378 1050 604 1138 κατειλῆφθαι
625 1053 717 1137 (quod
736 1052 917 1138 sustinetur)
939 1049 1009 1120 ότιό
1027 1054 1092 1121 τοῦ
1109 1051 1205 1173 ξόλοψ

103 1178 163 1233 etc.
207 1161 326 1227 Etenim
349 1155 562 1241 Glossogruphi
583 1155 656 1219 illud
677 1156 916 1272 interpretantur
935 1153 1086 1243 ίκρίοιμα
1106 1149 1206 1245 μισό-

99 1289 227 1355 τοιχον,
249 1252 443 1348 μισόδμηνι
473 1255 604 1321 Galenus
625 1268 726 1322 auteur
744 1257 889 1322 Comm.
878 1279 912 1322 ru
929 1259 1046 1324 Artiee.
1062 1259 1117 1325 IV.
1135 1257 1204 1326 738.

100 1371 137 1434 Τ
154 1364 265 1432 XVIII.
290 1364 324 1429 P
344 1363 368 1426 1.
391 1352 559 1485 μεσόόμνγ,
580 1359 690 1444 iuquit,
712 1352 916 1446 ὀνομάζεται
935 1356 975 1427 τό
995 1361 1089 1448 μίγα
1087 1340 1205 1441 ξόλον

101 1469 141 1540 τό
162 1465 231 1537 sind
251 1464 315 1534 τοῦ
343 1463 458 1553 ἑτέρον
484 1460 601 1551 τοίχοο
628 1460 713 1548 πρὸς
738 1458 800 1529 τόν
824 1470 941 1549 ἕτερον
963 1461 1086 1550 διῆκον
1112 1469 1151 1533 ἔν
1171 1491 1203 1532 τι

100 1587 174 1650 τοῖς
199 1570 268 1638 τῶν
289 1562 559 1655 πανδοχείοινῖ
523 1588 628 1639 οκοις
654 1577 727 1639 τοῖς
752 1559 930 1652 μεγοίλοις,
960 1569 999 1634 ἐν
1021 1565 1111 1640 οίς
1098 1591 1204 1635 ιοταοι

99 1676 143 1746 τοί
165 1669 291 1761 κτήνη,
317 1669 375 1738 καί
394 1661 470 1735 κατ’
492 1662 599 1755 σ’ίγρον
620 1664 747 1755 ὁμοίως
770 1672 808 1734 ἐν
827 1680 901 1742 τοῖς
922 1683 1133 1757 γεωργικοῖς,
1166 1692 1203 1734 en

99 1780 206 1867 quihus
227 1774 397 1858 colligitur,
427 1771 595 1835 nominihus
617 1770 677 1834 illis
699 1771 814 1856 tignum
836 1771 1089 1837 transversarium
1111 1771 1202 1857 signi·

99 1883 194 1960 titan,
218 1868 464 1964 quo'diversoria
484 1874 516 1937 iu
538 1873 610 1936 duas
632 1882 732 1957 partes
751 1874 1021 1960 distinguerentur,
1045 1896 1135 1938 unam
1153 1874 1201 1938 ho·

97 1985 227 2050 minibus
247 1981 444 2052 destinatam,
475 1974 601 2039 alteram
621 1975 795 2040 interiorem
814 1976 977 2062 jumentis,
1008 1998 1135 2062 eumque
1156 1998 1201 2040 su·

98 2106 191 2173 perne
213 2080 382 2153 asseribus,
413 2089 447 2141 ut
469 2076 613 2160 hodieque
635 2077 687 2154 fit,
716 2078 809 2142 fuisse
832 2089 1012 2144 constratam
1033 2090 1127 2163 atque
1149 2080 1199 2143 hoc

98 2206 215 2273 quoque
243 2182 405 2245 tabulatum
427 2177 530 2241 vocari
556 2170 743 2264 κατήλιφα,
774 2202 831 2265 qno
859 2201 1008 2266 cauponae
1038 2184 1199 2246 escendunt

96 2289 190 2354 Arist.
220 2287 315 2350 Rann.
347 2278 420 2344 666.
452 2301 487 2343 ac
515 2279 628 2364 pariter
656 2281 768 2361 scalas,
807 2283 911 2367 quihus
939 2284 1049 2347 aditur.
1097 2285 1197 2348 Parum

96 2389 242 2458 successit
264 2381 472 2450 Grammaticis
494 2402 604 2445 nomen
627 2381 776 2470 αἰγίλιψ,
805 2385 882 2469 quod
905 2385 1035 2449 fortasse
1057 2408 1120 2450 uon
1142 2408 1198 2449 ma-

97 2497 143 2582 gis
169 2489 380 2577 compositum,
411 2507 498 2570 ριιιιιιι
522 2485 681 2570 Αίγιλος,
705 2480 892 2572 Αἰγόλεον,
916 2482 1094 2574 Αίγοίλεως
1117 2510 1199 2552 mon·

97 2598 169 2662 tium
198 2593 337 2670 nominc,
376 2600 408 2652 et
432 2598 605 2672 serpentum
632 2587 784 2673 epitheton
811 2586 984 2677 α’ργίλιτιες
1010 2584 1119 2678 ἦγοαν
1146 2594 1199 2656 ἔκ-

94 2702 208 2766 λευκοι
229 2693 272 2768 ιόι
292 2689 481 2782 Ἀρχίλοχος
506 2691 571 2771 (Fr.
597 2689 686 2774 138.)
714 2687 890 2778 α’ργιλιπής
912 2691 947 2759 dt
970 2690 1072 2778 φιίσις
1098 2693 1194 2758 Schol.

94 2801 164 2866 Nic.
181 2798 272 2862 Ther.
292 2793 367 2860 21³.
391 2814 445 2876 pro
467 2814 524 2877 quo
547 2814 636 2876 quum
656 2804 777 2859 veteres
799 2795 873 2858 Edd.
898 2793 1003 2882 φησίν
1025 2797 1196 2882 praebeant,

94 2904 151 2968 hoc
180 2901 282 2965 elicias
311 2892 488 2983 οἷργιλιπὴς
516 2890 622 2981 όνγμός
655 2894 754 2982 φησί,
792 2898 869 2980 quod
898 2888 1059 2963 Homerus'
1076 2893 1196 2987 οἷργὲτα

94 3001 203 3091 δημόν
219 3001 307 3066 dixit.
337 2995 456 3086 Κόριψ
472 2996 650 3072 νεανίσκος
665 2997 831 3084 Hesychius
850 3000 922 3064 item
942 3012 975 3065 ut
993 3022 1123 3086 sequens
1142 2991 1197 3066 κό-

94 3110 153 3192 ραξ
174 3103 351 3177 νεανίσκος
371 3094 503 3189 εκόρος
520 3112 712 3188 propagatum
735 3123 801 3165 cum
823 3102 913 3168 solita
932 3103 1096 3187 duplicium
1118 3101 1196 3170 enul-

93 3210 178 3294 lage,
208 3220 243 3272 ut
263 3202 378 3295 κόρος,
399 3196 569 3295 κορόσσω,
591 3201 738 3292 κορυφή,
759 3196 934 3291 κορόιιτα,
958 3204 1124 3293 κυρίσσιο,
1149 3226 1196 3269 co·

91 3331 194 3377 rusco.
232 3310 392 3374 Nominum
414 3309 446 3371 in
469 3294 520 3393 ᾧ
539 3328 682 3371 numerus
703 3307 882 3392 peramplus,
906 3309 958 3372 sed
977 3309 1110 3374 difficilis
1127 3308 1195 3372 sim·

90 3414 211 3500 plinium
234 3420 265 3474 et
287 3412 515 3497 compositorum
539 3410 701 3474 distinctio.
745 3411 847 3497 Etym.
871 3411 913 3474 M.
937 3402 1057 3498 Δόλοψ
1082 3403 1196 3498 κόριον

92 3511 184 3602 nopai
212 3509 252 3579 τό
283 3508 378 3588 δόλος
404 3512 514 3603 τροτιῄ
540 3513 603 3579 τοῦ
629 3499 653 3579 d
680 3516 727 3587 εἷς
753 3512 793 3579 τό
814 3499 848 3597 ψ
868 3513 912 3588 οἷς
926 3513 1045 3595 ξαἶθος
1068 3516 1195 3599 αἲθσψ,

91 3613 208 3691 σκόλος
230 3609 375 3701 σκόλοψ,
405 3616 577 3701 quibuscum
600 3615 700 3678 Schol.
725 3615 761 3679 ll.
784 3614 827 3689 Ξ.
850 3615 925 3682 383.
952 3618 1073 3682 confert
1094 3619 1196 3697 σίνσψ

90 3733 123 3786 et
142 3714 261 3813 νώροψ
289 3719 430 3783 alictitio
457 3710 563 3804 νωρός
589 3719 780 3802 productum,
812 3730 939 3805 uterque
961 3719 1120 3784 dissimliu
1141 3718 1195 3782 mi·

90 3846 199 3903 scens3
231 3845 299 3889 uam
321 3821 446 3894 σκῶλος
468 3834 499 3884 et
519 3814 647 3907 σκόλοψ
670 3820 802 3908 ejusdem
824 3823 946 3908 generis
967 3833 1057 3900 sunt,
1087 3831 1119 3884 ut
1139 3819 1195 3885 tt·

90 3922 146 4001 λός
168 3937 199 3993 et
219 3928 341 4014 ἔλλοψ,
366 3925 418 3988 sed
440 3923 532 3998 οἶνος
554 3937 586 3989 et
607 3926 711 4011 οίνοψ
734 3925 857 3990 diversi.
899 3923 975 3989 Item
996 3922 1097 4010 τρίοψ
1120 3919 1193 4007 τρί-

88 4051 177 4102 noca
199 4029 329 4115 Hesych.
353 4025 483 4111 simplex
504 4027 623 4095 videtur
646 4049 665 4092 a
686 4028 834 4103 numerali
854 4029 1031 4114 productum
1056 4038 1094 4093 ut
1112 4033 1192 4116 cpu-
