2506 4492
300 186 361 260 nn
388 187 588 261 rannus.
618 188 819 263 noanon.
851 196 936 281 aa.
1128 200 1176 269 aa

64 373 132 461 opo
147 368 267 465 νρνοῆν
283 358 402 459 άρνιον
412 377 472 458 ³⁷),
497 375 582 460 cujus
599 368 778 439 discriminis
794 378 943 443 rationem
960 376 1011 463 qni
1028 378 1177 465 intelligat

65 478 224 543 admodum
242 487 330 540 acute
346 476 450 541 audire
471 488 601 560 oportet,
624 498 661 541 ao
679 498 718 540 ne
735 494 840 543 verum
860 481 976 564 quidem
994 492 1053 561 est,
1073 502 1176 547 ursam

66 582 103 644 ab
131 580 272 644 omnibus
300 573 427 665 άρντον
455 583 502 662 (v.
532 576 646 643 Nicias.
675 579 712 645 ad
742 578 853 665 Geopp.
883 582 922 647 V.
953 582 1023 667 36.)
1052 594 1175 648 ventum

67 679 264 769 άπαρκνίαν
285 682 354 745 uici.
396 682 495 746 causa
515 692 633 758 autem,
658 698 714 746 eur
734 680 823 745 litera
840 670 868 749 ’τ’
884 685 970 748 modo
992 686 1070 749 adsit
1089 688 1178 750 modo

67 784 162 862 (lesit,
190 804 254 848 non
276 784 371 869 magis
393 784 528 868 expediri
549 794 668 868 potest,
694 805 780 869 quam
802 806 893 869 quare
917 786 1038 851 Romani
1059 809 1177 874 semper

69 886 186 971 quidem
209 874 308 964 altus,
322 885 444 971 fideus,
468 885 625 971 remus,
652 888 707 953 seul
727 907 792 951 non
810 903 929 974 semper
948 890 1064 966 multu,
1086 900 1177 955 ortua

60 989 214 1055 ulixerint.

577 1161 610 1248 ρ.
632 1160 665 1228 o.

151 1296 301 1383 Pcrsbcps
329 1296 478 1380 interest,
514 1315 663 1383 quaenam·
687 1298 808 1364 vocales
836 1292 1027 1384 praesciant.
1072 1301 1175 1367 Paullo

67 1398 184 1467 mlius
206 1411 317 1465 sonant
338 1398 431 1463 dativi
454 1398 564 1487 φυρσί
584 1401 704 1465 Aelian.
728 1403 766 1465 H.
790 1403 871 1466 burn.
895 1402 951 1466 lX.
975 1402 1030 1467 45.
1061 1404 1176 1494 ῑχάρυι

68 1504 179 1569 Galen.
210 1504 247 1566 tle
274 1502 377 1586 Simpl.
407 1503 488 1566 Meu.
517 1502 574 1566 Xl.
604 1500 636 1565 3.
665 1502 744 1568 722.
771 1504 807 1567 Τ.
831 1504 897 1570 Vll.
928 1501 1054 1595 άχῶρσι
1080 1508 1173 1572 Alex.

67 1605 165 1671 lrall.
190 1603 353 1681 1.9,14.
378 1602 519 1690 φθειρσί
539 1604 689 1688 Theopbr.
711 1605 801 1669 Caus.
826 1604 864 1669 ll.
889 1605 928 1683 9,
950 1606 983 1670 6.
1008 1608 1096 1693 Diog.
1121 1609 1172 1673 lv.

66 1707 99 1773 4.
121 1707 245 1774 Aeliam.
270 1708 308 1771 ll.
337 1709 419 1771 Ann.
445 1705 500 1769 lX.
526 1695 578 1770 19.
609 1708 685 1789 qnutl
712 1708 744 1770 in
772 1706 838 1769 cod.
868 1707 995 1792 φθερσί
1021 1712 1174 1787 scribitur,

67 1810 120 1876 setl
148 1809 259 1875 crit'ari
286 1830 348 1873 non
375 1817 556 1893 potuerunt3
595 1805 701 1897 χειρυί
728 1826 821 1884 vero,
856 1810 931 1892 quud
960 1808 1176 1877 Grammaticus

66 1912 233 1979 Burmanni
253 1911 325 1975 XV.
349 1910 423 1975 306.
452 1908 567 1974 Aneed.
593 1910 694 1974 Crem.
722 1910 759 1974 T.
784 1910 808 1974 l.
832 1909 914 1975 441.
943 1922 1014 1974 eum*
1038 1910 1178 2001 φθειρσί

67 2014 236 2100 componit,
268 2012 435 2099 elegantiae
463 2034 552 2077 eausa
570 2013 679 2079 ¹amisit
704 2015 821 2077 literam
849 2014 1031 2089 ascitioiatn,
1066 2026 1097 2079 et
1111 2037 1176 2103 pro

66 2112 240 2206 μάρτυροι
266 2116 441 2200 Hipponacti
468 2117 500 2178 in
528 2116 587 2179 line
615 2119 766 2181 scazontis
792 2114 844 2179 Fr.
871 2115 950 2181 Vlll.
981 2114 1035 2180 33.
1066 2119 1177 2202 placuit

67 2216 413 2309 adprobantibus,
436 2219 477 2282 de·
495 2239 552 2302 quo
573 2219 741 2283 bleiaekius
763 2217 953 2302 ad·Euphor.
976 2239 1006 2303 p.
1030 2218 1103 2285 169.
1127 2241 1176 2285 re·

68 2323 145 2387 abus
167 2321 276 2398 sentit,
296 2342 385 2405 ρυρω
405 2320 602 2385 buttmannus
623 2320 655 2385 in
678 2320 741 2383 lud.
759 2322 898 2383 Anomm.
922 2322 950 2402 ἓ.
972 2320 1024 2384 56.
1048 2342 1078 2404 ρ.
1097 2321 1172 2387 235.

69 2426 127 2490 Seu
144 2421 256 2511 Σηρσί
272 2422 396 2489 Caesar.
412 2423 490 2486 Dial.
508 2423 546 2487 ll·.
563 2420 638 2487 631.
657 2423 693 2485 C.
713 2423 754 2485 T.
764 2421 820 2484 Xl.
841 2422 916 2484 bibl.
934 2423 1021 2505 Bign.
1040 2410 1177 2506 Ἴβηρσι

67 2529 168 2593 strab.
192 2526 246 2593 lv,
269 2528 302 2593 2.
331 2526 525 2613 μυξωτῆρσι
547 2524 633 2587 Sext.
659 2524 737 2607 Hyp.
761 2521 786 2583 l.
816 2523 850 2603 §.-
869 2519 942 2585 128.
970 2542 999 2605 ρ.
1024 2520 1078 2583 33.
1108 2523 1177 2586 lite-

67 2652 134 2696 ram·
152 2631 188 2695 in
209 2629 275 2714 ipso
296 2629 482 2693 nominativo
505 2618 736 2710 praeconantem·
753 2642 904 2707 nunquam
925 2625 1116 2709 abjecerunt,
1139 2644 1176 2688 au

67 2754 106 2798 ne
126 2744 235 2819 poetae
256 2732 374 2816 quidem
399 2722 606 2818 μνηστῆρσι,
632 2727 854 2813 ἑρπυυτῆρυι,
883 2726 983 2790 (licere
1005 2727 1173 2804 fastidiunt,

68 2856 194 2921 quorum
216 2834 367 2919 perfacilis
389 2842 455 2897 erat
475 2831 630 2896 devitatio.
675 2830 766 2893 Verbi
789 2837 903 2917 ἕρπω,
922 2828 1001 2914 quot
1020 2830 1175 2894 Buttman-

68 2958 124 3005 nus
145 2938 181 3003 in
202 2938 267 3001 lntl.
287 2938 427 3000 Anomm.
451 2936 531 2999 ultra
553 2932 758 3019 imperfectum
780 2920 923 2995 declinari
947 2941 1049 3015 negat,
1071 2932 1175 2995 futuro

68 3043 165 3111 utitur
188 3038 356 3125 Aeschylus
378 3038 466 3100 Eum.
490 3035 565 3101 566.
591 3036 753 3110 nonatum,
783 3033 844 3100 ἐπὶ
864 3036 983 3120 μεῖζον
1011 3029 1109 3118 alpurc
1133 3031 1174 3099 τά

69 3138 174 3212 maria
195 3142 355 3228 chrysost.
378 3131 452 3224 Epp.
479 3160 509 3225 p.
532 3136 608 3203 622.
631 3138 669 3201 E.
698 3141 850 3221 ἐξυῑρψεν
873 3131 896 3220 ἦ
919 3130 963 3221 γῆ
982 3130 1177 3224 βατράχους

71 3247 185 3311 Psalm.
205 3240 285 3309 clv.
308 3230 362 3309 29.
394 3242 471 3326 qustl
491 3240 594 3326 Etym.
620 3239 696 3304 Gud'.
720 3260 755 3324 p.
776 3238 856 3313 192,
878 3235 932 3301 66.
957 3237 1175 3322 interpretatur

72 3341 244 3437 ἐξήνεγκεν
249 3397 261 3428 ,
282 3345 433 3432 ilipula,
464 3342 581 3427 antiqui
598 3352 632 3406 ut
652 3341 875 3406 immodulatum
897 3339 1048 3424 respuisse
1068 3341 1173 3405 viden

10 3444 18 3523 Ϊ
74 3461 132 3515 tur.
176 3450 296 3515 Numne
317 3448 377 3511 ulia
400 3466 491 3510 eausa
512 3454 562 3509 est·
583 3460 638 3508 cur
657 3444 698 3524 ii,
729 3444 781 3528 qui·
800 3444 934 3507 suaviter
955 3441 1102 3528 loquendo
1124 3464 1174 3506 ce·

75 3563 159 3619 tenos-
179 3552 314 3617 Graecos
340 3558 538 3633 superarunt,
571 3566 627 3611 cnr
652 3547 747 3631 igitur
770 3545 882 3623 Attici,
914 3567 1003 3631 quum
1030 3564 1172 3629 praesens

79 3656 159 3725 ἔλυον
176 3666 210 3721 et
229 3656 365 3781 1υιιιῑυρρ
389 3652 472 3729 abias
489 3648 591 3735 magis
605 3650 799 3734 probassent,
829 3668 915 3733 quam
938 3639 1041 3735 ἑλνάω
1066 3657 1098 3710 et
1119 3646 1176 3711 ll-

10 3799 283 3839 z-u-ffl·

10 3876 37 3939 l.

10 3978 29 4016 u

137 3908 183 3977 37)
208 3909 259 3977 Qui
283 3913 435 3975 sequuntur¹
450 3915 544 3958 versus
569 3908 626 3960 Kal
648 3899 705 3973 μὴν
728 3900 841 3969 πελάζει
861 3910 907 3959 sal
931 3894 1078 3972 καταφῦχεο
1100 3893 1176 3968 scrop

42 4062 46 4075 Ι
89 3988 177 4064 ὅμως,
196 3997 350 4064 supplentur
367 3994 400 4045 ab
416 3992 554 4044 Eustatbio
571 4007 596 4059 p.
617 3990 694 4052 1166,
714 3991 754 4043 17.
774 3988 867 4058 ἄρκιος
883 3986 918 4045 oie
933 3984 1064 4056 ναύτῃσιν
1079 3977 1173 4039 ioasi-

91 4093 122 4134 tu
133 4073 238 4151 μολόν,
260 4083 328 4134 nuda
345 4086 454 4149 apparot
468 4074 573 4152 ἕρκειος
589 4077 752 4130 scribendum
770 4093 835 4129 osso.
