<?xml version="1.0" encoding="UTF-8"?>
<!DOCTYPE html PUBLIC "-//W3C//DTD XHTML 1.0 Transitional//EN"
    "http://www.w3.org/TR/xhtml1/DTD/xhtml1-transitional.dtd">
<html xmlns="http://www.w3.org/1999/xhtml" xml:lang="en" lang="en">
 <head>
  <title>
</title>
<meta http-equiv="Content-Type" content="text/html;charset=utf-8" />
  <meta name='ocr-system' content='tesseract 3.04.00' />
  <meta name='ocr-capabilities' content='ocr_page ocr_carea ocr_par ocr_line ocrx_word'/>
</head>
<body>
  <div class='ocr_page' id='page_1' title='image "./paralipomenagra00lobegoog_0112.png"; bbox 0 0 2506 4492; ppageno 0'>
   <div class='ocr_carea' id='block_1_1' title="bbox 86 206 832 284">
    <p class='ocr_par' dir='ltr' id='par_1_1' title="bbox 86 206 832 284">
     <span class='ocr_line' id='line_1_1' title="bbox 86 206 832 284; baseline -0.005 0"><span class='ocrx_word' id='word_1_1' title='bbox 86 214 134 284; x_wconf 73' lang='lat'><strong>81</strong></span> <span class='ocrx_word' id='word_1_2' title='bbox 436 213 757 282; x_wconf 79' lang='lat' dir='ltr'><strong>nlssaurnrto</strong></span> <span class='ocrx_word' id='word_1_3' title='bbox 778 206 832 281; x_wconf 83' lang='grc'><strong>11.</strong></span> 
     </span>
    </p>
   </div>
   <div class='ocr_carea' id='block_1_2' title="bbox 17 392 1187 1097">
    <p class='ocr_par' dir='ltr' id='par_1_2' title="bbox 17 392 1187 1097">
     <span class='ocr_line' id='line_1_2' title="bbox 85 392 1187 487; baseline -0.001 -22"><span class='ocrx_word' id='word_1_4' title='bbox 85 395 198 465; x_wconf 72' lang='lat' dir='ltr'><strong>addela</strong></span> <span class='ocrx_word' id='word_1_5' title='bbox 220 392 366 461; x_wconf 79' lang='grc' dir='ltr'><strong><em>παιόίων</em></strong></span> <span class='ocrx_word' id='word_1_6' title='bbox 388 394 469 459; x_wconf 89' lang='lat' dir='ltr'><strong>Suid.</strong></span> <span class='ocrx_word' id='word_1_7' title='bbox 499 418 552 480; x_wconf 86' lang='lat' dir='ltr'><strong>pro</strong></span> <span class='ocrx_word' id='word_1_8' title='bbox 575 417 639 487; x_wconf 32' lang='lat' dir='ltr'><strong>(quo</strong></span> <span class='ocrx_word' id='word_1_9' title='bbox 667 397 743 479; x_wconf 84' lang='lat' dir='ltr'><strong>apud</strong></span> <span class='ocrx_word' id='word_1_10' title='bbox 765 396 946 482; x_wconf 86' lang='lat' dir='ltr'><strong>Hesychium</strong></span> <span class='ocrx_word' id='word_1_11' title='bbox 968 394 1091 473; x_wconf 80' lang='grc' dir='ltr'><strong><em>Νιόόες</em></strong></span> <span class='ocrx_word' id='word_1_12' title='bbox 1118 397 1187 464; x_wconf 85' lang='lat' dir='ltr'><strong>seni·</strong></span> 
     </span>
     <span class='ocr_line' id='line_1_3' title="bbox 85 495 1185 581; baseline 0.003 -20"><span class='ocrx_word' id='word_1_13' title='bbox 85 498 181 576; x_wconf 90' lang='lat' dir='ltr'><strong>bitur,</strong></span> <span class='ocrx_word' id='word_1_14' title='bbox 213 498 341 561; x_wconf 90' lang='lat' dir='ltr'><strong>fortasse</strong></span> <span class='ocrx_word' id='word_1_15' title='bbox 364 520 416 581; x_wconf 81' lang='lat' dir='ltr'><strong>pro</strong></span> <span class='ocrx_word' id='word_1_16' title='bbox 439 497 541 571; x_wconf 80' lang='grc' dir='ltr'><strong><em>ἷνίιλες</em></strong></span> <span class='ocrx_word' id='word_1_17' title='bbox 567 498 697 561; x_wconf 77' lang='lat' dir='ltr'><strong>aereoli.</strong></span> <span class='ocrx_word' id='word_1_18' title='bbox 743 497 855 561; x_wconf 89' lang='lat' dir='ltr'><strong>Horum</strong></span> <span class='ocrx_word' id='word_1_19' title='bbox 877 499 903 562; x_wconf 92' lang='lat' dir='ltr'><strong>si</strong></span> <span class='ocrx_word' id='word_1_20' title='bbox 925 495 1130 564; x_wconf 74' lang='lat' dir='ltr'><strong>nominativos</strong></span> <span class='ocrx_word' id='word_1_21' title='bbox 1153 502 1185 564; x_wconf 89' lang='lat' dir='ltr'><strong>ad</strong></span> 
     </span>
     <span class='ocr_line' id='line_1_4' title="bbox 83 599 1185 688; baseline 0.001 -24"><span class='ocrx_word' id='word_1_22' title='bbox 83 600 224 664; x_wconf 78' lang='lat' dir='ltr'>amussim</span> <span class='ocrx_word' id='word_1_23' title='bbox 244 601 395 684; x_wconf 82' lang='lat' dir='ltr'><strong>fingimus,</strong></span> <span class='ocrx_word' id='word_1_24' title='bbox 419 611 574 686; x_wconf 82' lang='lat' dir='ltr'><strong>emergent</strong></span> <span class='ocrx_word' id='word_1_25' title='bbox 590 599 795 686; x_wconf 87' lang='lat' dir='ltr'><strong>monosyllaba</strong></span> <span class='ocrx_word' id='word_1_26' title='bbox 812 601 1082 686; x_wconf 80' lang='lat' dir='ltr'><strong>brachycataleeta,</strong></span> <span class='ocrx_word' id='word_1_27' title='bbox 1104 602 1185 688; x_wconf 85' lang='lat' dir='ltr'><strong>quale</strong></span> 
     </span>
     <span class='ocr_line' id='line_1_5' title="bbox 84 701 1185 788; baseline 0.005 -22"><span class='ocrx_word' id='word_1_28' title='bbox 84 714 132 766; x_wconf 89' lang='lat' dir='ltr'><strong>est</strong></span> <span class='ocrx_word' id='word_1_29' title='bbox 151 701 222 776; x_wconf 79' lang='grc' dir='ltr'><strong><em>κτίς</em></strong></span> <span class='ocrx_word' id='word_1_30' title='bbox 244 724 291 787; x_wconf 87' lang='lat' dir='ltr'><strong>ap.</strong></span> <span class='ocrx_word' id='word_1_31' title='bbox 315 702 503 786; x_wconf 81' lang='lat' dir='ltr'><strong>Apollonium</strong></span> <span class='ocrx_word' id='word_1_32' title='bbox 526 703 558 765; x_wconf 90' lang='lat' dir='ltr'><strong>in</strong></span> <span class='ocrx_word' id='word_1_33' title='bbox 579 701 657 765; x_wconf 86' lang='lat' dir='ltr'><strong>Lex.</strong></span> <span class='ocrx_word' id='word_1_34' title='bbox 682 703 768 765; x_wconf 90' lang='lat' dir='ltr'><strong>Hom.</strong></span> <span class='ocrx_word' id='word_1_35' title='bbox 793 714 824 766; x_wconf 93' lang='lat' dir='ltr'><strong>et</strong></span> <span class='ocrx_word' id='word_1_36' title='bbox 845 703 1025 788; x_wconf 83' lang='lat' dir='ltr'><strong>Hesychium</strong></span> <span class='ocrx_word' id='word_1_37' title='bbox 1048 727 1074 768; x_wconf 92' lang='lat' dir='ltr'><strong>s.</strong></span> <span class='ocrx_word' id='word_1_38' title='bbox 1100 707 1185 772; x_wconf 87' lang='grc' dir='ltr'><strong><em>Κτι-</em></strong></span> 
     </span>
     <span class='ocr_line' id='line_1_6' title="bbox 17 797 1180 899; baseline -0.001 -29"><span class='ocrx_word' id='word_1_39' title='bbox 17 797 23 899; x_wconf 30' lang='grc' dir='ltr'>Ἰ</span> <span class='ocrx_word' id='word_1_40' title='bbox 82 803 155 891; x_wconf 81' lang='grc' dir='ltr'><strong>δέη,</strong></span> <span class='ocrx_word' id='word_1_41' title='bbox 178 807 229 869; x_wconf 89' lang='lat' dir='ltr'><strong>sed</strong></span> <span class='ocrx_word' id='word_1_42' title='bbox 252 804 324 868; x_wconf 92' lang='lat' dir='ltr'><strong>haee</strong></span> <span class='ocrx_word' id='word_1_43' title='bbox 347 807 529 868; x_wconf 74' lang='lat' dir='ltr'><strong>consuetudo</strong></span> <span class='ocrx_word' id='word_1_44' title='bbox 552 825 661 889; x_wconf 81' lang='lat' dir='ltr'><strong>graeca</strong></span> <span class='ocrx_word' id='word_1_45' title='bbox 684 826 744 867; x_wconf 94' lang='lat' dir='ltr'><strong>non</strong></span> <span class='ocrx_word' id='word_1_46' title='bbox 766 805 845 882; x_wconf 84' lang='lat' dir='ltr'><strong>fert3</strong></span> <span class='ocrx_word' id='word_1_47' title='bbox 875 804 975 869; x_wconf 84' lang='lat' dir='ltr'><strong>Schol.</strong></span> <span class='ocrx_word' id='word_1_48' title='bbox 993 804 1028 868; x_wconf 90' lang='lat' dir='ltr'><strong>ll.</strong></span> <span class='ocrx_word' id='word_1_49' title='bbox 1047 808 1096 872; x_wconf 90' lang='lat' dir='ltr'><strong>K.</strong></span> <span class='ocrx_word' id='word_1_50' title='bbox 1111 805 1180 870; x_wconf 80' lang='lat'><strong>334.</strong></span> 
     </span>
     <span class='ocr_line' id='line_1_7' title="bbox 82 902 1185 994; baseline 0.003 -22"><span class='ocrx_word' id='word_1_51' title='bbox 82 906 193 994; x_wconf 78' lang='grc' dir='ltr'><strong><em>κτιόόη</em></strong></span> <span class='ocrx_word' id='word_1_52' title='bbox 211 905 287 973; x_wconf 87' lang='grc' dir='ltr'><strong><em>κατ’</em></strong></span> <span class='ocrx_word' id='word_1_53' title='bbox 305 905 501 994; x_wconf 77' lang='grc' dir='ltr'><strong><em>όφαίρεσιν·</em></strong></span> <span class='ocrx_word' id='word_1_54' title='bbox 529 907 613 979; x_wconf 72' lang='lat' dir='ltr'><strong>dante</strong></span> <span class='ocrx_word' id='word_1_55' title='bbox 630 902 694 994; x_wconf 72' lang='grc' dir='ltr'><strong>νόρ</strong></span> <span class='ocrx_word' id='word_1_56' title='bbox 715 911 806 973; x_wconf 82' lang='grc' dir='ltr'><strong><em>ἐστιν</em></strong></span> <span class='ocrx_word' id='word_1_57' title='bbox 825 904 869 981; x_wconf 73' lang='lat' dir='ltr'><strong>oie</strong></span> <span class='ocrx_word' id='word_1_58' title='bbox 885 905 1085 992; x_wconf 73' lang='grc' dir='ltr'><strong><em>Νίκανδρος</em></strong></span> <span class='ocrx_word' id='word_1_59' title='bbox 1104 907 1185 975; x_wconf 63' lang='lat' dir='ltr'><strong>ixei-⁴</strong></span> 
     </span>
     <span class='ocr_line' id='line_1_8' title="bbox 82 1001 1185 1097; baseline -0.001 -20"><span class='ocrx_word' id='word_1_60' title='bbox 82 1009 156 1084; x_wconf 71' lang='lat' dir='ltr'><strong>dog·</strong></span> <span class='ocrx_word' id='word_1_61' title='bbox 189 1009 227 1076; x_wconf 90' lang='grc' dir='ltr'><strong>τό</strong></span> <span class='ocrx_word' id='word_1_62' title='bbox 247 1009 311 1097; x_wconf 71' lang='lat' dir='ltr'><strong>yda</strong></span> <span class='ocrx_word' id='word_1_63' title='bbox 333 1001 597 1097; x_wconf 73' lang='grc' dir='ltr'><strong><em>,ιιονσσόλλαβσν</em></strong></span> <span class='ocrx_word' id='word_1_64' title='bbox 620 1005 662 1075; x_wconf 82' lang='lat' dir='ltr'><strong>od</strong></span> <span class='ocrx_word' id='word_1_65' title='bbox 682 1001 824 1076; x_wconf 74' lang='grc' dir='ltr'><strong><em>δύναται</em></strong></span> <span class='ocrx_word' id='word_1_66' title='bbox 848 1004 927 1077; x_wconf 80' lang='grc' dir='ltr'><strong><em>κατ’</em></strong></span> <span class='ocrx_word' id='word_1_67' title='bbox 949 1013 1088 1075; x_wconf 78' lang='grc' dir='ltr'><strong><em>ἔκτασιν</em></strong></span> <span class='ocrx_word' id='word_1_68' title='bbox 1111 1003 1185 1076; x_wconf 75' lang='grc' dir='ltr'><strong><em>οὔτι</em></strong></span> 
     </span>
    </p>
   </div>
   <div class='ocr_carea' id='block_1_3' title="bbox 69 1105 1185 3652">
    <p class='ocr_par' dir='ltr' id='par_1_3' title="bbox 69 1105 1185 3652">
     <span class='ocr_line' id='line_1_9' title="bbox 80 1105 1181 1199; baseline -0.004 -21"><span class='ocrx_word' id='word_1_69' title='bbox 80 1111 167 1180; x_wconf 69' lang='lat' dir='ltr'><strong>uoto?</strong></span> <span class='ocrx_word' id='word_1_70' title='bbox 195 1111 363 1197; x_wconf 74' lang='grc' dir='ltr'><strong><em>σαστολήν</em></strong></span> <span class='ocrx_word' id='word_1_71' title='bbox 389 1112 565 1199; x_wconf 69' lang='grc' dir='ltr'><strong><em>λέγεσθαι·</em></strong></span> <span class='ocrx_word' id='word_1_72' title='bbox 604 1105 682 1178; x_wconf 80' lang='grc' dir='ltr'><strong><em>οὔτε</em></strong></span> <span class='ocrx_word' id='word_1_73' title='bbox 703 1109 767 1199; x_wconf 80' lang='grc' dir='ltr'><strong>γόρ</strong></span> <span class='ocrx_word' id='word_1_74' title='bbox 792 1111 974 1179; x_wconf 79' lang='grc' dir='ltr'><strong><em>ἐκτείνεται</em></strong></span> <span class='ocrx_word' id='word_1_75' title='bbox 1000 1108 1046 1185; x_wconf 72' lang='grc' dir='ltr'><strong>οἷς</strong></span> <span class='ocrx_word' id='word_1_76' title='bbox 1065 1124 1181 1198; x_wconf 41' lang='grc' dir='ltr'><strong>κρηπὶς,</strong></span> 
     </span>
     <span class='ocr_line' id='line_1_10' title="bbox 80 1209 1180 1301; baseline -0.004 -20"><span class='ocrx_word' id='word_1_77' title='bbox 80 1214 155 1294; x_wconf 69' lang='lat' dir='ltr'><strong>doc,</strong></span> <span class='ocrx_word' id='word_1_78' title='bbox 177 1213 343 1301; x_wconf 71' lang='grc' dir='ltr'><strong><em>ψηφῖδας,</em></strong></span> <span class='ocrx_word' id='word_1_79' title='bbox 366 1209 444 1281; x_wconf 77' lang='grc' dir='ltr'><strong><em>οὕτε</em></strong></span> <span class='ocrx_word' id='word_1_80' title='bbox 467 1214 695 1280; x_wconf 79' lang='grc' dir='ltr'><strong><em>συστέλλεται·</em></strong></span> <span class='ocrx_word' id='word_1_81' title='bbox 724 1209 820 1299; x_wconf 84' lang='grc' dir='ltr'><strong><em>α’ρκεῖ</em></strong></span> <span class='ocrx_word' id='word_1_82' title='bbox 839 1211 903 1301; x_wconf 71' lang='grc' dir='ltr'><strong>γάρ</strong></span> <span class='ocrx_word' id='word_1_83' title='bbox 926 1213 964 1280; x_wconf 88' lang='grc' dir='ltr'><strong>τό</strong></span> <span class='ocrx_word' id='word_1_84' title='bbox 983 1211 1046 1287; x_wconf 82' lang='grc' dir='ltr'><strong><em>τίς.</em></strong></span> <span class='ocrx_word' id='word_1_85' title='bbox 1082 1213 1180 1298; x_wconf 88' lang='lat' dir='ltr'><strong>Neque</strong></span> 
     </span>
     <span class='ocr_line' id='line_1_11' title="bbox 80 1314 1179 1403; baseline 0.002 -22"><span class='ocrx_word' id='word_1_86' title='bbox 80 1317 204 1381; x_wconf 88' lang='lat' dir='ltr'><strong>tolerari</strong></span> <span class='ocrx_word' id='word_1_87' title='bbox 233 1328 332 1401; x_wconf 84' lang='lat' dir='ltr'><strong>potest</strong></span> <span class='ocrx_word' id='word_1_88' title='bbox 350 1319 433 1400; x_wconf 87' lang='lat' dir='ltr'><strong>quod</strong></span> <span class='ocrx_word' id='word_1_89' title='bbox 461 1318 536 1399; x_wconf 84' lang='lat' dir='ltr'><strong>apud</strong></span> <span class='ocrx_word' id='word_1_90' title='bbox 558 1315 739 1401; x_wconf 82' lang='lat' dir='ltr'><strong>Hesychium</strong></span> <span class='ocrx_word' id='word_1_91' title='bbox 766 1317 924 1392; x_wconf 79' lang='lat' dir='ltr'><strong>scribitur,</strong></span> <span class='ocrx_word' id='word_1_92' title='bbox 954 1314 1039 1401; x_wconf 80' lang='grc' dir='ltr'><strong><em>Φρόν</em></strong></span> <span class='ocrx_word' id='word_1_93' title='bbox 1065 1316 1179 1403; x_wconf 80' lang='grc' dir='ltr'><strong><em>φρένα,</em></strong></span> 
     </span>
     <span class='ocr_line' id='line_1_12' title="bbox 80 1411 1179 1506; baseline 0 -23"><span class='ocrx_word' id='word_1_94' title='bbox 80 1419 133 1483; x_wconf 85' lang='lat' dir='ltr'><strong>sed</strong></span> <span class='ocrx_word' id='word_1_95' title='bbox 154 1419 206 1482; x_wconf 87' lang='lat' dir='ltr'><strong>ille</strong></span> <span class='ocrx_word' id='word_1_96' title='bbox 228 1420 277 1482; x_wconf 92' lang='lat' dir='ltr'><strong>vel</strong></span> <span class='ocrx_word' id='word_1_97' title='bbox 301 1414 390 1505; x_wconf 77' lang='grc' dir='ltr'><strong><em>φρήν</em></strong></span> <span class='ocrx_word' id='word_1_98' title='bbox 413 1420 533 1503; x_wconf 80' lang='lat' dir='ltr'>scripsit</span> <span class='ocrx_word' id='word_1_99' title='bbox 553 1419 603 1483; x_wconf 94' lang='lat' dir='ltr'><strong>vel</strong></span> <span class='ocrx_word' id='word_1_100' title='bbox 625 1411 758 1504; x_wconf 84' lang='grc' dir='ltr'><strong><em>φρόνιν.</em></strong></span> <span class='ocrx_word' id='word_1_101' title='bbox 802 1416 908 1506; x_wconf 79' lang='grc' dir='ltr'><strong><em>Σχίόα</em></strong></span> <span class='ocrx_word' id='word_1_102' title='bbox 929 1431 1030 1482; x_wconf 86' lang='lat' dir='ltr'><strong>antem</strong></span> <span class='ocrx_word' id='word_1_103' title='bbox 1053 1431 1085 1500; x_wconf 83' lang='lat' dir='ltr'><strong>et</strong></span> <span class='ocrx_word' id='word_1_104' title='bbox 1107 1416 1179 1506; x_wconf 75' lang='grc' dir='ltr'><strong>σφί·</strong></span> 
     </span>
     <span class='ocr_line' id='line_1_13' title="bbox 78 1516 1178 1603; baseline -0.005 -15"><span class='ocrx_word' id='word_1_105' title='bbox 78 1520 132 1595; x_wconf 71' lang='lat' dir='ltr'><strong>der</strong></span> <span class='ocrx_word' id='word_1_106' title='bbox 155 1533 186 1585; x_wconf 91' lang='lat' dir='ltr'><strong>et</strong></span> <span class='ocrx_word' id='word_1_107' title='bbox 207 1522 316 1586; x_wconf 80' lang='lat' dir='ltr'>similia</span> <span class='ocrx_word' id='word_1_108' title='bbox 337 1532 457 1586; x_wconf 88' lang='lat' dir='ltr'><strong>veteres</strong></span> <span class='ocrx_word' id='word_1_109' title='bbox 479 1521 545 1584; x_wconf 91' lang='lat' dir='ltr'><strong>sine</strong></span> <span class='ocrx_word' id='word_1_110' title='bbox 568 1521 654 1584; x_wconf 88' lang='lat' dir='ltr'><strong>dubio</strong></span> <span class='ocrx_word' id='word_1_111' title='bbox 677 1516 859 1603; x_wconf 87' lang='lat' dir='ltr'><strong>metaplastis</strong></span> <span class='ocrx_word' id='word_1_112' title='bbox 886 1522 1123 1585; x_wconf 88' lang='lat' dir='ltr'><strong>adnumerarunt</strong></span> <span class='ocrx_word' id='word_1_113' title='bbox 1144 1520 1178 1586; x_wconf 71' lang='lat' dir='ltr'><strong>si⁴</strong></span> 
     </span>
     <span class='ocr_line' id='line_1_14' title="bbox 80 1620 1178 1708; baseline -0.003 -20"><span class='ocrx_word' id='word_1_114' title='bbox 80 1635 132 1688; x_wconf 85' lang='lat' dir='ltr'><strong>out</strong></span> <span class='ocrx_word' id='word_1_115' title='bbox 155 1624 328 1688; x_wconf 86' lang='lat' dir='ltr'><strong>Eustathius</strong></span> <span class='ocrx_word' id='word_1_116' title='bbox 354 1646 384 1708; x_wconf 87' lang='grc' dir='ltr'><strong>ρ.</strong></span> <span class='ocrx_word' id='word_1_117' title='bbox 408 1622 489 1699; x_wconf 84' lang='grc'><strong><em>865,</em></strong></span> <span class='ocrx_word' id='word_1_118' title='bbox 512 1622 565 1688; x_wconf 81' lang='lat'><strong>32.</strong></span> <span class='ocrx_word' id='word_1_119' title='bbox 587 1620 695 1689; x_wconf 76' lang='lat' dir='ltr'><strong>wido</strong></span> <span class='ocrx_word' id='word_1_120' title='bbox 721 1623 843 1706; x_wconf 81' lang='lat' dir='ltr'><strong>Oppian.</strong></span> <span class='ocrx_word' id='word_1_121' title='bbox 868 1621 935 1685; x_wconf 83' lang='lat' dir='ltr'><strong>Hal.</strong></span> <span class='ocrx_word' id='word_1_122' title='bbox 961 1621 998 1684; x_wconf 91' lang='grc'><strong>11.</strong></span> <span class='ocrx_word' id='word_1_123' title='bbox 1026 1623 1116 1689; x_wconf 63' lang='lat' dir='ltr'><strong>aad.</strong></span> <span class='ocrx_word' id='word_1_124' title='bbox 1131 1644 1178 1708; x_wconf 79' lang='lat' dir='ltr'><strong>pro</strong></span> 
     </span>
     <span class='ocr_line' id='line_1_15' title="bbox 78 1710 1177 1812; baseline -0.004 -19"><span class='ocrx_word' id='word_1_125' title='bbox 78 1710 213 1812; x_wconf 70' lang='lat' dir='ltr'><strong>uvt&#39;dqr,</strong></span> <span class='ocrx_word' id='word_1_126' title='bbox 244 1728 300 1792; x_wconf 90' lang='lat' dir='ltr'><strong>etsi</strong></span> <span class='ocrx_word' id='word_1_127' title='bbox 322 1727 458 1812; x_wconf 79' lang='lat' dir='ltr'><strong>prosodia</strong></span> <span class='ocrx_word' id='word_1_128' title='bbox 481 1727 645 1809; x_wconf 79' lang='lat' dir='ltr'><strong>discrepat,</strong></span> <span class='ocrx_word' id='word_1_129' title='bbox 676 1725 786 1789; x_wconf 89' lang='lat' dir='ltr'><strong>dietum</strong></span> <span class='ocrx_word' id='word_1_130' title='bbox 809 1737 875 1788; x_wconf 88' lang='lat' dir='ltr'><strong>esse</strong></span> <span class='ocrx_word' id='word_1_131' title='bbox 900 1725 991 1788; x_wconf 90' lang='lat' dir='ltr'><strong>sumit</strong></span> <span class='ocrx_word' id='word_1_132' title='bbox 1016 1722 1060 1800; x_wconf 77' lang='grc' dir='ltr'><strong>ὥς</strong></span> <span class='ocrx_word' id='word_1_133' title='bbox 1083 1721 1177 1812; x_wconf 75' lang='grc' dir='ltr'><strong><em>ιἰόκην</em></strong></span> 
     </span>
     <span class='ocr_line' id='line_1_16' title="bbox 78 1823 1175 1917; baseline -0.005 -21"><span class='ocrx_word' id='word_1_134' title='bbox 78 1829 179 1909; x_wconf 75' lang='lat' dir='ltr'><strong>deine,</strong></span> <span class='ocrx_word' id='word_1_135' title='bbox 202 1825 324 1917; x_wconf 83' lang='grc' dir='ltr'><strong><em>κρόκην</em></strong></span> <span class='ocrx_word' id='word_1_136' title='bbox 345 1823 459 1915; x_wconf 87' lang='grc' dir='ltr'><strong><em>κρόκα.</em></strong></span> <span class='ocrx_word' id='word_1_137' title='bbox 494 1825 584 1899; x_wconf 80' lang='grc' dir='ltr'><strong><em>Κνίς</em></strong></span> <span class='ocrx_word' id='word_1_138' title='bbox 605 1828 709 1888; x_wconf 74' lang='lat' dir='ltr'><strong>ortua</strong></span> <span class='ocrx_word' id='word_1_139' title='bbox 731 1847 792 1888; x_wconf 93' lang='lat' dir='ltr'><strong>non</strong></span> <span class='ocrx_word' id='word_1_140' title='bbox 814 1826 925 1910; x_wconf 84' lang='lat' dir='ltr'><strong>legitur</strong></span> <span class='ocrx_word' id='word_1_141' title='bbox 947 1827 1005 1890; x_wconf 89' lang='lat' dir='ltr'><strong>nisi</strong></span> <span class='ocrx_word' id='word_1_142' title='bbox 1028 1829 1059 1891; x_wconf 92' lang='lat' dir='ltr'><strong>in</strong></span> <span class='ocrx_word' id='word_1_143' title='bbox 1084 1829 1175 1892; x_wconf 88' lang='lat' dir='ltr'><strong>Gloss.</strong></span> 
     </span>
     <span class='ocr_line' id='line_1_17' title="bbox 78 1928 1175 2017; baseline -0.001 -22"><span class='ocrx_word' id='word_1_144' title='bbox 78 1932 197 1995; x_wconf 86' lang='lat' dir='ltr'><strong>Philox.</strong></span> <span class='ocrx_word' id='word_1_145' title='bbox 222 1953 318 2017; x_wconf 90' lang='lat' dir='ltr'><strong>neque</strong></span> <span class='ocrx_word' id='word_1_146' title='bbox 340 1929 457 2016; x_wconf 87' lang='lat' dir='ltr'><strong>probari</strong></span> <span class='ocrx_word' id='word_1_147' title='bbox 477 1929 609 2012; x_wconf 86' lang='lat' dir='ltr'><strong>potuisse</strong></span> <span class='ocrx_word' id='word_1_148' title='bbox 631 1938 752 2011; x_wconf 83' lang='lat' dir='ltr'><strong>apparet</strong></span> <span class='ocrx_word' id='word_1_149' title='bbox 773 1950 814 1991; x_wconf 87' lang='lat' dir='ltr'><strong>ex</strong></span> <span class='ocrx_word' id='word_1_150' title='bbox 836 1928 888 1991; x_wconf 91' lang='lat' dir='ltr'><strong>illa</strong></span> <span class='ocrx_word' id='word_1_151' title='bbox 909 1931 1175 2013; x_wconf 69' lang='lat' dir='ltr'><strong>argumentatione,</strong></span> 
     </span>
     <span class='ocr_line' id='line_1_18' title="bbox 78 2029 1175 2117; baseline -0.001 -22"><span class='ocrx_word' id='word_1_152' title='bbox 78 2054 135 2117; x_wconf 94' lang='lat' dir='ltr'><strong>qua</strong></span> <span class='ocrx_word' id='word_1_153' title='bbox 157 2034 372 2097; x_wconf 81' lang='lat' dir='ltr'><strong>nominativum</strong></span> <span class='ocrx_word' id='word_1_154' title='bbox 390 2030 449 2105; x_wconf 77' lang='grc' dir='ltr'><strong>Δίς</strong></span> <span class='ocrx_word' id='word_1_155' title='bbox 470 2052 487 2093; x_wconf 89' lang='lat' dir='ltr'><strong>a</strong></span> <span class='ocrx_word' id='word_1_156' title='bbox 505 2029 672 2093; x_wconf 86' lang='lat' dir='ltr'><strong>Rhinthone</strong></span> <span class='ocrx_word' id='word_1_157' title='bbox 694 2041 867 2114; x_wconf 86' lang='lat' dir='ltr'><strong>usurpatum</strong></span> <span class='ocrx_word' id='word_1_158' title='bbox 889 2033 1050 2115; x_wconf 86' lang='lat' dir='ltr'><strong>reprobant</strong></span> <span class='ocrx_word' id='word_1_159' title='bbox 1067 2032 1175 2096; x_wconf 85' lang='lat' dir='ltr'><strong>Aneod.</strong></span> 
     </span>
     <span class='ocr_line' id='line_1_19' title="bbox 77 2131 1177 2218; baseline -0.001 -22"><span class='ocrx_word' id='word_1_160' title='bbox 77 2133 172 2197; x_wconf 88' lang='lat' dir='ltr'><strong>Bekk.</strong></span> <span class='ocrx_word' id='word_1_161' title='bbox 197 2156 225 2217; x_wconf 82' lang='lat' dir='ltr'><strong>p.</strong></span> <span class='ocrx_word' id='word_1_162' title='bbox 252 2132 346 2198; x_wconf 83' lang='grc'><strong>1194.</strong></span> <span class='ocrx_word' id='word_1_163' title='bbox 393 2134 441 2196; x_wconf 87' lang='lat' dir='ltr'><strong>Sie</strong></span> <span class='ocrx_word' id='word_1_164' title='bbox 470 2131 549 2194; x_wconf 92' lang='lat' dir='ltr'><strong>enim</strong></span> <span class='ocrx_word' id='word_1_165' title='bbox 577 2131 743 2214; x_wconf 87' lang='lat' dir='ltr'><strong>disputant,</strong></span> <span class='ocrx_word' id='word_1_166' title='bbox 775 2132 910 2217; x_wconf 91' lang='lat' dir='ltr'><strong>obliquos</strong></span> <span class='ocrx_word' id='word_1_167' title='bbox 939 2133 1026 2218; x_wconf 89' lang='lat' dir='ltr'><strong>hujus</strong></span> <span class='ocrx_word' id='word_1_168' title='bbox 1054 2133 1177 2198; x_wconf 82' lang='lat' dir='ltr'><strong>nominis</strong></span> 
     </span>
     <span class='ocr_line' id='line_1_20' title="bbox 78 2233 1178 2320; baseline -0.002 -22"><span class='ocrx_word' id='word_1_169' title='bbox 78 2256 165 2299; x_wconf 86' lang='lat' dir='ltr'><strong>casus</strong></span> <span class='ocrx_word' id='word_1_170' title='bbox 192 2237 253 2300; x_wconf 92' lang='lat' dir='ltr'><strong>iota</strong></span> <span class='ocrx_word' id='word_1_171' title='bbox 280 2257 397 2320; x_wconf 88' lang='lat' dir='ltr'><strong>semper</strong></span> <span class='ocrx_word' id='word_1_172' title='bbox 422 2236 515 2298; x_wconf 87' lang='lat' dir='ltr'><strong>breve</strong></span> <span class='ocrx_word' id='word_1_173' title='bbox 543 2233 670 2310; x_wconf 86' lang='lat' dir='ltr'><strong>habere,</strong></span> <span class='ocrx_word' id='word_1_174' title='bbox 702 2255 792 2318; x_wconf 90' lang='lat' dir='ltr'><strong>qnare</strong></span> <span class='ocrx_word' id='word_1_175' title='bbox 817 2236 854 2299; x_wconf 92' lang='lat' dir='ltr'><strong>iis</strong></span> <span class='ocrx_word' id='word_1_176' title='bbox 881 2236 1099 2300; x_wconf 83' lang='lat' dir='ltr'><strong>nominativum</strong></span> <span class='ocrx_word' id='word_1_177' title='bbox 1120 2237 1178 2299; x_wconf 53' lang='lat' dir='ltr'><strong>lon,</strong></span> 
     </span>
     <span class='ocr_line' id='line_1_21' title="bbox 77 2338 1177 2424; baseline 0.001 -23"><span class='ocrx_word' id='word_1_178' title='bbox 77 2360 146 2424; x_wconf 82' lang='lat' dir='ltr'><strong>gum</strong></span> <span class='ocrx_word' id='word_1_179' title='bbox 172 2341 220 2422; x_wconf 87' lang='lat' dir='ltr'><strong>(ut</strong></span> <span class='ocrx_word' id='word_1_180' title='bbox 242 2352 288 2405; x_wconf 85' lang='lat' dir='ltr'><strong>est</strong></span> <span class='ocrx_word' id='word_1_181' title='bbox 309 2340 419 2404; x_wconf 89' lang='lat' dir='ltr'><strong>latinus</strong></span> <span class='ocrx_word' id='word_1_182' title='bbox 441 2340 516 2420; x_wconf 79' lang='lat' dir='ltr'><strong>Dr&#39;s)</strong></span> <span class='ocrx_word' id='word_1_183' title='bbox 542 2338 691 2421; x_wconf 88' lang='lat' dir='ltr'><strong>praestrui</strong></span> <span class='ocrx_word' id='word_1_184' title='bbox 717 2360 777 2400; x_wconf 94' lang='lat' dir='ltr'><strong>non</strong></span> <span class='ocrx_word' id='word_1_185' title='bbox 801 2360 903 2422; x_wconf 88' lang='lat' dir='ltr'><strong>posse,</strong></span> <span class='ocrx_word' id='word_1_186' title='bbox 936 2340 1059 2402; x_wconf 91' lang='lat' dir='ltr'><strong>brevem</strong></span> <span class='ocrx_word' id='word_1_187' title='bbox 1084 2349 1177 2408; x_wconf 88' lang='lat' dir='ltr'><strong>autem</strong></span> 
     </span>
     <span class='ocr_line' id='line_1_22' title="bbox 76 2438 1177 2528; baseline -0.003 -21"><span class='ocrx_word' id='word_1_188' title='bbox 76 2464 243 2528; x_wconf 86' lang='lat' dir='ltr'><strong>repugnare</strong></span> <span class='ocrx_word' id='word_1_189' title='bbox 265 2442 431 2528; x_wconf 82' lang='lat' dir='ltr'><strong>analogiae.</strong></span> <span class='ocrx_word' id='word_1_190' title='bbox 477 2441 557 2526; x_wconf 85' lang='lat' dir='ltr'><strong>Ergo</strong></span> <span class='ocrx_word' id='word_1_191' title='bbox 580 2439 669 2503; x_wconf 92' lang='lat' dir='ltr'><strong>etiam</strong></span> <span class='ocrx_word' id='word_1_192' title='bbox 691 2438 801 2516; x_wconf 83' lang='grc' dir='ltr'><strong><em>κνίιλα,</em></strong></span> <span class='ocrx_word' id='word_1_193' title='bbox 826 2439 932 2528; x_wconf 80' lang='grc' dir='ltr'><strong><em>σχίόα,</em></strong></span> <span class='ocrx_word' id='word_1_194' title='bbox 956 2438 1089 2526; x_wconf 77' lang='grc' dir='ltr'><strong><em>σφίόες,</em></strong></span> <span class='ocrx_word' id='word_1_195' title='bbox 1112 2462 1177 2526; x_wconf 90' lang='lat' dir='ltr'><strong>quo·</strong></span> 
     </span>
     <span class='ocr_line' id='line_1_23' title="bbox 76 2541 1176 2629; baseline -0.005 -18"><span class='ocrx_word' id='word_1_196' title='bbox 76 2569 144 2612; x_wconf 91' lang='lat' dir='ltr'><strong>rum</strong></span> <span class='ocrx_word' id='word_1_197' title='bbox 168 2547 229 2610; x_wconf 85' lang='lat' dir='ltr'><strong>iota</strong></span> <span class='ocrx_word' id='word_1_198' title='bbox 251 2549 342 2610; x_wconf 89' lang='lat' dir='ltr'><strong>breve</strong></span> <span class='ocrx_word' id='word_1_199' title='bbox 369 2567 436 2610; x_wconf 92' lang='lat' dir='ltr'><strong>esse</strong></span> <span class='ocrx_word' id='word_1_200' title='bbox 459 2545 566 2629; x_wconf 85' lang='lat' dir='ltr'><strong>partim</strong></span> <span class='ocrx_word' id='word_1_201' title='bbox 592 2565 632 2607; x_wconf 83' lang='lat' dir='ltr'><strong>ex</strong></span> <span class='ocrx_word' id='word_1_202' title='bbox 654 2555 750 2607; x_wconf 87' lang='lat' dir='ltr'><strong>metro</strong></span> <span class='ocrx_word' id='word_1_203' title='bbox 772 2553 908 2627; x_wconf 82' lang='lat' dir='ltr'><strong>apparet,</strong></span> <span class='ocrx_word' id='word_1_204' title='bbox 939 2543 1045 2627; x_wconf 86' lang='lat' dir='ltr'><strong>partim</strong></span> <span class='ocrx_word' id='word_1_205' title='bbox 1071 2541 1113 2608; x_wconf 69' lang='lat' dir='ltr'><strong>ei</strong></span> <span class='ocrx_word' id='word_1_206' title='bbox 1133 2563 1176 2606; x_wconf 88' lang='lat' dir='ltr'><strong>ao·</strong></span> 
     </span>
     <span class='ocr_line' id='line_1_24' title="bbox 77 2632 1175 2734; baseline -0.005 -23"><span class='ocrx_word' id='word_1_207' title='bbox 77 2659 167 2712; x_wconf 85' lang='lat' dir='ltr'><strong>eentn</strong></span> <span class='ocrx_word' id='word_1_208' title='bbox 190 2660 221 2711; x_wconf 86' lang='lat' dir='ltr'><strong>et</strong></span> <span class='ocrx_word' id='word_1_209' title='bbox 243 2670 283 2711; x_wconf 87' lang='lat' dir='ltr'><strong>ex</strong></span> <span class='ocrx_word' id='word_1_210' title='bbox 305 2632 446 2710; x_wconf 79' lang='lat' dir='ltr'><strong>niensura</strong></span> <span class='ocrx_word' id='word_1_211' title='bbox 468 2648 552 2709; x_wconf 86' lang='lat' dir='ltr'><strong>latini</strong></span> <span class='ocrx_word' id='word_1_212' title='bbox 567 2647 670 2730; x_wconf 79' lang='lat' dir='ltr'><strong>fides,</strong></span> <span class='ocrx_word' id='word_1_213' title='bbox 703 2667 798 2730; x_wconf 93' lang='lat' dir='ltr'><strong>neque</strong></span> <span class='ocrx_word' id='word_1_214' title='bbox 820 2666 839 2708; x_wconf 91' lang='lat' dir='ltr'><strong>a</strong></span> <span class='ocrx_word' id='word_1_215' title='bbox 860 2645 976 2734; x_wconf 27' lang='lat' dir='ltr'><strong>disemo·</strong></span> <span class='ocrx_word' id='word_1_216' title='bbox 995 2645 1175 2709; x_wconf 88' lang='lat' dir='ltr'><strong>nominativo</strong></span> 
     </span>
     <span class='ocr_line' id='line_1_25' title="bbox 76 2747 1175 2834; baseline -0.004 -20"><span class='ocrx_word' id='word_1_217' title='bbox 76 2761 213 2834; x_wconf 87' lang='lat' dir='ltr'><strong>repetere</strong></span> <span class='ocrx_word' id='word_1_218' title='bbox 236 2758 397 2832; x_wconf 87' lang='lat' dir='ltr'><strong>potuerunt</strong></span> <span class='ocrx_word' id='word_1_219' title='bbox 424 2768 520 2830; x_wconf 89' lang='lat' dir='ltr'><strong>neque</strong></span> <span class='ocrx_word' id='word_1_220' title='bbox 548 2749 583 2809; x_wconf 91' lang='lat' dir='ltr'><strong>ab</strong></span> <span class='ocrx_word' id='word_1_221' title='bbox 607 2769 642 2810; x_wconf 91' lang='lat' dir='ltr'><strong>eo</strong></span> <span class='ocrx_word' id='word_1_222' title='bbox 671 2749 720 2831; x_wconf 90' lang='lat' dir='ltr'><strong>qui</strong></span> <span class='ocrx_word' id='word_1_223' title='bbox 748 2759 795 2811; x_wconf 92' lang='lat' dir='ltr'><strong>est</strong></span> <span class='ocrx_word' id='word_1_224' title='bbox 821 2747 909 2811; x_wconf 89' lang='lat' dir='ltr'><strong>unius</strong></span> <span class='ocrx_word' id='word_1_225' title='bbox 934 2747 1097 2831; x_wconf 91' lang='lat' dir='ltr'><strong>temporis,</strong></span> <span class='ocrx_word' id='word_1_226' title='bbox 1128 2747 1175 2812; x_wconf 91' lang='lat' dir='ltr'><strong>sed</strong></span> 
     </span>
     <span class='ocr_line' id='line_1_26' title="bbox 76 2844 1174 2936; baseline -0.005 -19"><span class='ocrx_word' id='word_1_227' title='bbox 76 2852 251 2936; x_wconf 84' lang='lat' dir='ltr'><strong>metaplasta</strong></span> <span class='ocrx_word' id='word_1_228' title='bbox 273 2850 372 2912; x_wconf 91' lang='lat' dir='ltr'><strong>dieere</strong></span> <span class='ocrx_word' id='word_1_229' title='bbox 397 2848 491 2911; x_wconf 85' lang='lat' dir='ltr'><strong>eoaoti</strong></span> <span class='ocrx_word' id='word_1_230' title='bbox 513 2859 595 2911; x_wconf 85' lang='lat' dir='ltr'><strong>sunt.</strong></span> <span class='ocrx_word' id='word_1_231' title='bbox 639 2844 701 2921; x_wconf 79' lang='grc' dir='ltr'><strong>Δίς</strong></span> <span class='ocrx_word' id='word_1_232' title='bbox 725 2860 824 2913; x_wconf 90' lang='lat' dir='ltr'><strong>autem</strong></span> <span class='ocrx_word' id='word_1_233' title='bbox 851 2850 877 2913; x_wconf 92' lang='lat' dir='ltr'><strong>si</strong></span> <span class='ocrx_word' id='word_1_234' title='bbox 902 2861 1050 2914; x_wconf 90' lang='lat' dir='ltr'><strong>remotum</strong></span> <span class='ocrx_word' id='word_1_235' title='bbox 1076 2850 1174 2929; x_wconf 77' lang='lat' dir='ltr'><strong>inerit,</strong></span> 
     </span>
     <span class='ocr_line' id='line_1_27' title="bbox 77 2942 1174 3038; baseline -0.006 -17"><span class='ocrx_word' id='word_1_236' title='bbox 77 2958 135 3021; x_wconf 88' lang='lat' dir='ltr'><strong>duo</strong></span> <span class='ocrx_word' id='word_1_237' title='bbox 162 2955 226 3019; x_wconf 88' lang='lat' dir='ltr'><strong>sola</strong></span> <span class='ocrx_word' id='word_1_238' title='bbox 253 2963 370 3016; x_wconf 83' lang='lat' dir='ltr'><strong>restant</strong></span> <span class='ocrx_word' id='word_1_239' title='bbox 396 2971 469 3034; x_wconf 85' lang='lat' dir='ltr'><strong>pure</strong></span> <span class='ocrx_word' id='word_1_240' title='bbox 496 2949 642 3014; x_wconf 82' lang='lat' dir='ltr'><strong>declinata</strong></span> <span class='ocrx_word' id='word_1_241' title='bbox 670 2948 721 3024; x_wconf 76' lang='grc' dir='ltr'><strong>κός</strong></span> <span class='ocrx_word' id='word_1_242' title='bbox 749 2962 779 3015; x_wconf 92' lang='lat' dir='ltr'><strong>et</strong></span> <span class='ocrx_word' id='word_1_243' title='bbox 805 2951 855 3027; x_wconf 78' lang='grc' dir='ltr'><strong>λίς</strong></span> <span class='ocrx_word' id='word_1_244' title='bbox 883 2954 996 3016; x_wconf 89' lang='lat' dir='ltr'><strong>Aneod.</strong></span> <span class='ocrx_word' id='word_1_245' title='bbox 1021 2942 1056 3038; x_wconf 79' lang='grc' dir='ltr'><strong>ρ.</strong></span> <span class='ocrx_word' id='word_1_246' title='bbox 1083 2949 1174 3018; x_wconf 79' lang='lat'><strong>1259.</strong></span> 
     </span>
     <span class='ocr_line' id='line_1_28' title="bbox 77 3051 1174 3141; baseline -0.005 -19"><span class='ocrx_word' id='word_1_247' title='bbox 77 3080 146 3124; x_wconf 92' lang='lat' dir='ltr'><strong>nam</strong></span> <span class='ocrx_word' id='word_1_248' title='bbox 168 3058 217 3141; x_wconf 89' lang='lat' dir='ltr'><strong>qui</strong></span> <span class='ocrx_word' id='word_1_249' title='bbox 239 3055 274 3119; x_wconf 94' lang='lat' dir='ltr'><strong>Il.</strong></span> <span class='ocrx_word' id='word_1_250' title='bbox 294 3054 338 3125; x_wconf 87' lang='lat' dir='ltr'><strong>A.</strong></span> <span class='ocrx_word' id='word_1_251' title='bbox 356 3051 430 3117; x_wconf 80' lang='lat'><strong>480.</strong></span> <span class='ocrx_word' id='word_1_252' title='bbox 455 3073 508 3136; x_wconf 88' lang='lat' dir='ltr'><strong>pro</strong></span> <span class='ocrx_word' id='word_1_253' title='bbox 530 3053 584 3117; x_wconf 90' lang='grc' dir='ltr'><strong>λῖν</strong></span> <span class='ocrx_word' id='word_1_254' title='bbox 606 3051 792 3136; x_wconf 87' lang='lat' dir='ltr'><strong>seripserunt</strong></span> <span class='ocrx_word' id='word_1_255' title='bbox 812 3051 882 3122; x_wconf 85' lang='grc' dir='ltr'><strong><em>λῐν’</em></strong></span> <span class='ocrx_word' id='word_1_256' title='bbox 904 3055 1064 3141; x_wconf 78' lang='grc' dir='ltr'><strong><em>(λυρικός,</em></strong></span> <span class='ocrx_word' id='word_1_257' title='bbox 1087 3052 1174 3119; x_wconf 88' lang='lat' dir='ltr'><strong>auditi</strong></span> 
     </span>
     <span class='ocr_line' id='line_1_29' title="bbox 75 3154 1170 3238; baseline -0.007 -13"><span class='ocrx_word' id='word_1_258' title='bbox 75 3183 137 3225; x_wconf 94' lang='lat' dir='ltr'><strong>non</strong></span> <span class='ocrx_word' id='word_1_259' title='bbox 155 3170 237 3224; x_wconf 90' lang='lat' dir='ltr'><strong>sunt.</strong></span> <span class='ocrx_word' id='word_1_260' title='bbox 269 3157 466 3221; x_wconf 82' lang='lat' dir='ltr'><strong>Accusativus</strong></span> <span class='ocrx_word' id='word_1_261' title='bbox 485 3155 538 3218; x_wconf 85' lang='lat' dir='ltr'><strong>ille</strong></span> <span class='ocrx_word' id='word_1_262' title='bbox 552 3155 607 3220; x_wconf 87' lang='grc' dir='ltr'><strong>λῖν</strong></span> <span class='ocrx_word' id='word_1_263' title='bbox 625 3154 736 3238; x_wconf 85' lang='lat' dir='ltr'><strong>legitur</strong></span> <span class='ocrx_word' id='word_1_264' title='bbox 756 3157 844 3221; x_wconf 88' lang='lat' dir='ltr'><strong>etiam</strong></span> <span class='ocrx_word' id='word_1_265' title='bbox 860 3157 933 3220; x_wconf 85' lang='lat' dir='ltr'><strong>Eur.</strong></span> <span class='ocrx_word' id='word_1_266' title='bbox 951 3155 1063 3220; x_wconf 85' lang='lat' dir='ltr'><strong>Bacch.</strong></span> <span class='ocrx_word' id='word_1_267' title='bbox 1082 3154 1170 3220; x_wconf 81' lang='lat'><strong>1174.</strong></span> 
     </span>
     <span class='ocr_line' id='line_1_30' title="bbox 76 3258 1173 3343; baseline -0.005 -16"><span class='ocrx_word' id='word_1_268' title='bbox 76 3274 107 3328; x_wconf 93' lang='lat' dir='ltr'><strong>et</strong></span> <span class='ocrx_word' id='word_1_269' title='bbox 128 3263 255 3326; x_wconf 87' lang='lat' dir='ltr'><strong>Theoer.</strong></span> <span class='ocrx_word' id='word_1_270' title='bbox 279 3260 362 3324; x_wconf 87' lang='lat' dir='ltr'><strong>Xlll.</strong></span> <span class='ocrx_word' id='word_1_271' title='bbox 387 3258 418 3323; x_wconf 88' lang='grc'><strong>6.</strong></span> <span class='ocrx_word' id='word_1_272' title='bbox 449 3269 592 3342; x_wconf 90' lang='lat' dir='ltr'><strong>sequente</strong></span> <span class='ocrx_word' id='word_1_273' title='bbox 616 3259 770 3342; x_wconf 87' lang='lat' dir='ltr'><strong>utrobique</strong></span> <span class='ocrx_word' id='word_1_274' title='bbox 792 3259 889 3323; x_wconf 83' lang='lat' dir='ltr'><strong>vocali</strong></span> <span class='ocrx_word' id='word_1_275' title='bbox 913 3260 995 3322; x_wconf 85' lang='lat' dir='ltr'><strong>nulio</strong></span> <span class='ocrx_word' id='word_1_276' title='bbox 1020 3281 1089 3323; x_wconf 88' lang='lat' dir='ltr'><strong>oum</strong></span> <span class='ocrx_word' id='word_1_277' title='bbox 1110 3279 1173 3343; x_wconf 83' lang='lat' dir='ltr'><strong>apo-</strong></span> 
     </span>
     <span class='ocr_line' id='line_1_31' title="bbox 69 3361 1172 3450; baseline -0.007 -19"><span class='ocrx_word' id='word_1_278' title='bbox 69 3365 189 3450; x_wconf 61' lang='lat' dir='ltr'><strong>,strophi</strong></span> <span class='ocrx_word' id='word_1_279' title='bbox 212 3363 315 3449; x_wconf 78' lang='lat' dir='ltr'><strong>signo,</strong></span> <span class='ocrx_word' id='word_1_280' title='bbox 348 3361 543 3444; x_wconf 88' lang='lat' dir='ltr'><strong>similiterque</strong></span> <span class='ocrx_word' id='word_1_281' title='bbox 567 3372 623 3425; x_wconf 89' lang='grc' dir='ltr'><strong>κῑν</strong></span> <span class='ocrx_word' id='word_1_282' title='bbox 644 3361 785 3424; x_wconf 79' lang='lat' dir='ltr'><strong>scribitur</strong></span> <span class='ocrx_word' id='word_1_283' title='bbox 806 3361 919 3425; x_wconf 86' lang='lat' dir='ltr'><strong>Aneod.</strong></span> <span class='ocrx_word' id='word_1_284' title='bbox 943 3384 972 3445; x_wconf 86' lang='lat' dir='ltr'><strong>p.</strong></span> <span class='ocrx_word' id='word_1_285' title='bbox 998 3361 1096 3428; x_wconf 71' lang='lat'><strong>1232.</strong></span> <span class='ocrx_word' id='word_1_286' title='bbox 1125 3380 1172 3445; x_wconf 84' lang='lat' dir='ltr'><strong>pro</strong></span> 
     </span>
     <span class='ocr_line' id='line_1_32' title="bbox 75 3461 1185 3553; baseline -0.008 -20"><span class='ocrx_word' id='word_1_287' title='bbox 75 3490 133 3553; x_wconf 91' lang='lat' dir='ltr'><strong>quo</strong></span> <span class='ocrx_word' id='word_1_288' title='bbox 154 3464 372 3550; x_wconf 83' lang='lat' dir='ltr'><strong>Lexioographi</strong></span> <span class='ocrx_word' id='word_1_289' title='bbox 394 3463 490 3528; x_wconf 87' lang='lat' dir='ltr'><strong>nostri</strong></span> <span class='ocrx_word' id='word_1_290' title='bbox 517 3463 607 3526; x_wconf 90' lang='lat' dir='ltr'><strong>taeite</strong></span> <span class='ocrx_word' id='word_1_291' title='bbox 632 3461 687 3529; x_wconf 86' lang='grc' dir='ltr'><strong>κίν</strong></span> <span class='ocrx_word' id='word_1_292' title='bbox 708 3463 891 3526; x_wconf 89' lang='lat' dir='ltr'><strong>substituunt</strong></span> <span class='ocrx_word' id='word_1_293' title='bbox 918 3474 951 3526; x_wconf 90' lang='lat' dir='ltr'><strong>ut</strong></span> <span class='ocrx_word' id='word_1_294' title='bbox 978 3475 1010 3527; x_wconf 89' lang='lat' dir='ltr'><strong>et</strong></span> <span class='ocrx_word' id='word_1_295' title='bbox 1031 3464 1185 3528; x_wconf 72' lang='lat' dir='ltr'><strong>Hermon-2</strong></span> 
     </span>
     <span class='ocr_line' id='line_1_33' title="bbox 75 3561 1171 3652; baseline -0.006 -16"><span class='ocrx_word' id='word_1_296' title='bbox 75 3584 133 3636; x_wconf 84' lang='lat' dir='ltr'><strong>uus</strong></span> <span class='ocrx_word' id='word_1_297' title='bbox 162 3569 238 3652; x_wconf 84' lang='lat' dir='ltr'><strong>apud</strong></span> <span class='ocrx_word' id='word_1_298' title='bbox 264 3566 434 3651; x_wconf 84' lang='lat' dir='ltr'><strong>Euripidem</strong></span> <span class='ocrx_word' id='word_1_299' title='bbox 462 3562 517 3632; x_wconf 79' lang='grc' dir='ltr'><strong><em>’λίν</em></strong></span> <span class='ocrx_word' id='word_1_300' title='bbox 545 3566 652 3642; x_wconf 83' lang='lat' dir='ltr'><strong>edidit,</strong></span> <span class='ocrx_word' id='word_1_301' title='bbox 692 3576 849 3648; x_wconf 88' lang='lat' dir='ltr'><strong>utrumque</strong></span> <span class='ocrx_word' id='word_1_302' title='bbox 880 3577 985 3630; x_wconf 85' lang='lat' dir='ltr'><strong>eontra</strong></span> <span class='ocrx_word' id='word_1_303' title='bbox 1015 3561 1171 3631; x_wconf 88' lang='lat' dir='ltr'><strong>Herodiani</strong></span> 
     </span>
    </p>
   </div>
   <div class='ocr_carea' id='block_1_4' title="bbox 75 3739 284 3756">
    <p class='ocr_par' dir='ltr' id='par_1_4' title="bbox 75 3739 284 3756">
     <span class='ocr_line' id='line_1_34' title="bbox 75 3739 284 3756; baseline -0.01 -2"><span class='ocrx_word' id='word_1_304' title='bbox 75 3739 284 3756; x_wconf 51' lang='grc' dir='ltr'><strong><em>Μ</em></strong></span> 
     </span>
    </p>
   </div>
   <div class='ocr_carea' id='block_1_5' title="bbox 64 3842 1169 4092">
    <p class='ocr_par' dir='ltr' id='par_1_5' title="bbox 64 3842 1169 4092">
     <span class='ocr_line' id='line_1_35' title="bbox 64 3842 1169 3922; baseline -0.01 -16"><span class='ocrx_word' id='word_1_305' title='bbox 64 3853 162 3917; x_wconf 71' lang='lat' dir='ltr'><strong>findo,</strong></span> <span class='ocrx_word' id='word_1_306' title='bbox 193 3851 284 3904; x_wconf 89' lang='lat' dir='ltr'><strong>omisso</strong></span> <span class='ocrx_word' id='word_1_307' title='bbox 305 3850 389 3922; x_wconf 82' lang='lat' dir='ltr'><strong>sigma</strong></span> <span class='ocrx_word' id='word_1_308' title='bbox 411 3844 569 3918; x_wconf 79' lang='lat' dir='ltr'><strong>asquloco‚</strong></span> <span class='ocrx_word' id='word_1_309' title='bbox 601 3856 630 3900; x_wconf 91' lang='lat' dir='ltr'><strong>ut</strong></span> <span class='ocrx_word' id='word_1_310' title='bbox 645 3843 736 3916; x_wconf 80' lang='lat' dir='ltr'><strong>sunda</strong></span> <span class='ocrx_word' id='word_1_311' title='bbox 760 3860 804 3914; x_wconf 90' lang='lat' dir='ltr'><strong>pro</strong></span> <span class='ocrx_word' id='word_1_312' title='bbox 827 3842 972 3918; x_wconf 72' lang='grc' dir='ltr'><strong><em>σφενδόνη,</em></strong></span> <span class='ocrx_word' id='word_1_313' title='bbox 997 3848 1107 3916; x_wconf 68' lang='lat' dir='ltr'><strong>fungus</strong></span> <span class='ocrx_word' id='word_1_314' title='bbox 1128 3861 1169 3913; x_wconf 84' lang='lat' dir='ltr'><strong>pro</strong></span> 
     </span>
     <span class='ocr_line' id='line_1_36' title="bbox 73 3925 1165 4009; baseline -0.009 -17"><span class='ocrx_word' id='word_1_315' title='bbox 73 3938 204 4009; x_wconf 64' lang='grc' dir='ltr'><strong><em>σφόγγον,</em></strong></span> <span class='ocrx_word' id='word_1_316' title='bbox 218 3938 292 4002; x_wconf 75' lang='lat' dir='ltr'><strong>sallo</strong></span> <span class='ocrx_word' id='word_1_317' title='bbox 311 3952 356 4002; x_wconf 90' lang='lat' dir='ltr'><strong>pro</strong></span> <span class='ocrx_word' id='word_1_318' title='bbox 374 3933 491 4001; x_wconf 73' lang='grc' dir='ltr'><strong><em>σφάλλω.</em></strong></span> <span class='ocrx_word' id='word_1_319' title='bbox 527 3935 638 3986; x_wconf 85' lang='lat' dir='ltr'><strong>Indidem</strong></span> <span class='ocrx_word' id='word_1_320' title='bbox 657 3942 715 3984; x_wconf 87' lang='lat' dir='ltr'><strong>orta</strong></span> <span class='ocrx_word' id='word_1_321' title='bbox 724 3935 812 3997; x_wconf 81' lang='lat' dir='ltr'><strong>fider,</strong></span> <span class='ocrx_word' id='word_1_322' title='bbox 827 3935 904 3996; x_wconf 79' lang='lat' dir='ltr'><strong>fibra</strong></span> <span class='ocrx_word' id='word_1_323' title='bbox 909 3971 918 3998; x_wconf 84' lang='lat'><em>,</em></span> <span class='ocrx_word' id='word_1_324' title='bbox 934 3935 1065 3998; x_wconf 79' lang='lat' dir='ltr'><strong>fimbria,</strong></span> <span class='ocrx_word' id='word_1_325' title='bbox 1080 3925 1165 3998; x_wconf 72' lang='lat' dir='ltr'><strong>filum,</strong></span> 
     </span>
     <span class='ocr_line' id='line_1_37' title="bbox 65 4013 1168 4092; baseline -0.003 -19"><span class='ocrx_word' id='word_1_326' title='bbox 65 4027 149 4087; x_wconf 74' lang='lat' dir='ltr'><strong>filim,</strong></span> <span class='ocrx_word' id='word_1_327' title='bbox 183 4040 247 4090; x_wconf 88' lang='lat' dir='ltr'><strong>quoe</strong></span> <span class='ocrx_word' id='word_1_328' title='bbox 271 4038 362 4087; x_wconf 81' lang='lat' dir='ltr'><strong>graece</strong></span> <span class='ocrx_word' id='word_1_329' title='bbox 385 4028 490 4088; x_wconf 86' lang='lat' dir='ltr'><strong>propter</strong></span> <span class='ocrx_word' id='word_1_330' title='bbox 513 4021 630 4071; x_wconf 83' lang='lat' dir='ltr'><strong>foliorum</strong></span> <span class='ocrx_word' id='word_1_331' title='bbox 654 4020 845 4070; x_wconf 83' lang='lat' dir='ltr'><strong>similitudinem</strong></span> <span class='ocrx_word' id='word_1_332' title='bbox 868 4022 960 4092; x_wconf 73' lang='grc' dir='ltr'><strong><em>πτιρίσ</em></strong></span> <span class='ocrx_word' id='word_1_333' title='bbox 981 4020 1080 4070; x_wconf 85' lang='lat' dir='ltr'><strong>dieitur</strong></span> <span class='ocrx_word' id='word_1_334' title='bbox 1102 4013 1168 4089; x_wconf 71' lang='lat' dir='ltr'><strong>eldat</strong></span> 
     </span>
    </p>
   </div>
   <div class='ocr_carea' id='block_1_6' title="bbox 65 4104 743 4179">
    <p class='ocr_par' dir='ltr' id='par_1_6' title="bbox 65 4104 743 4179">
     <span class='ocr_line' id='line_1_38' title="bbox 65 4104 743 4179; baseline -0.004 -16"><span class='ocrx_word' id='word_1_335' title='bbox 65 4106 190 4179; x_wconf 65' lang='grc' dir='ltr'><strong>,θανόντα</strong></span> <span class='ocrx_word' id='word_1_336' title='bbox 205 4105 301 4179; x_wconf 66' lang='grc' dir='ltr'><strong><em>όρισισν</em></strong></span> <span class='ocrx_word' id='word_1_337' title='bbox 317 4104 404 4178; x_wconf 78' lang='grc' dir='ltr'><strong><em>πτερῷ</em></strong></span> <span class='ocrx_word' id='word_1_338' title='bbox 423 4105 506 4158; x_wconf 86' lang='lat' dir='ltr'><strong>Sehol.</strong></span> <span class='ocrx_word' id='word_1_339' title='bbox 527 4107 635 4159; x_wconf 86' lang='lat' dir='ltr'><strong>Theoer.</strong></span> <span class='ocrx_word' id='word_1_340' title='bbox 655 4105 698 4158; x_wconf 86' lang='lat'><strong>111.</strong></span> <span class='ocrx_word' id='word_1_341' title='bbox 717 4106 743 4160; x_wconf 82' lang='lat'><strong>3.</strong></span> 
     </span>
    </p>
   </div>
   <div class='ocr_carea' id='block_1_7' title="bbox 0 0 1258 4492">
    <p class='ocr_par' dir='ltr' id='par_1_7' title="bbox 0 0 1258 4492">
     <span class='ocr_line' id='line_1_39' title="bbox 0 0 1258 4492; baseline 0 3"><span class='ocrx_word' id='word_1_342' title='bbox 0 0 1258 4492; x_wconf 95' lang='lat' dir='ltr'><strong> </strong></span> 
     </span>
    </p>
   </div>
  </div>
 </body>
</html>
