2506 4492
1142 186 1179 233 11

68 343 203 414 ctrinac
238 349 272 412 et
304 338 522 438 eloquentiae
556 348 746 438 steterunt,
783 343 965 416 simulacra
998 343 1173 443 feruntm,

72 537 162 610 quae
188 510 414 583 Democritus
435 514 555 583 εἴδωλα
583 520 749 609 usurpat3
786 538 894 613 eaque
916 510 1049 614 jugiter
1073 514 1177 589 nobis

71 688 262 751 occursant
292 704 333 751 ac
364 682 535 775 maxime,
571 707 679 779 quum
711 681 872 754 mortalia
905 632 1103 758 conticuere
1141 695 1177 758 et

70 848 215 948 profani
246 847 383 947 procul.
444 851 546 922 Tunc
576 848 629 921 illi
659 850 728 947 ipsi
765 851 905 948 generis
937 851 1082 925 humani
1113 852 1175 927 do·

71 1032 189 1092 ctores
215 1027 418 1117 praesentes
443 1019 565 1094 adesse
597 1045 733 1120 nosque
769 1020 868 1137 all'ari
885 1029 928 1092 'et
953 1019 1101 1097 edocere
1126 1024 1176 1096 vi·

74 1188 216 1284 dentur,
247 1184 312 1261 sed
337 1213 410 1260 non
435 1187 562 1261 adsunt
594 1188 662 1260 nisi
686 1187 830 1262 umbrae
855 1214 977 1262 eorum
1002 1201 1037 1263 et
1059 1191 1177 1264 simul·

71 1385 155 1432 acra
189 1360 299 1431 modas
330 1359 505 1455 pallentia
534 1360 651 1455 mini,
685 1385 799 1459 neque
830 1384 898 1432 nos
931 1358 1082 1433 edocent
1110 1362 1180 1433 nisi

27 1614 29 1619 Ι
72 1555 174 1601 more
199 1527 318 1626 Pythii
344 1529 426 1625 qui,
459 1538 499 1599 ut
524 1527 724 1601 Heraclitus
758 1531 827 1625 ait,
857 1530 948 1612 ,οὔτε
977 1533 1068 1639 λέγει
1093 1529 1179 1609 οὔτε
1237 1574 1240 1581 -

72 1695 226 1800 κρύπτει
253 1692 343 1774 dato?
368 1697 581 1798 squalore-‘⁶

177 1869 277 1940 Haec
304 1865 364 1964 qui
390 1874 608 1955 commentus
633 1874 687 1937 est
708 1866 829 1938 nescio
851 1864 936 1965 quid
955 1863 1049 1936 aliud
1070 1864 1179 1963 signi·

79 2036 188 2110 ficare
213 2035 383 2130 voluerit,
411 2061 516 2134 quam
548 2060 688 2107 omnem
725 2033 940 2133 antiquitatis
974 2035 1180 2133 interpreta-

74 2168 208 2279 tionem
233 2206 272 2276 in
297 2203 499 2305 conjectura
522 2231 600 2279 esse
625 2205 796 2303 positam,
824 2205 905 2303 quia
931 2230 1020 2303 quae
1035 2178 1181 2278 'veteres

76 2385 264 2450 senserunt
287 2398 361 2447 non
387 2374 500 2470 clare,
528 2401 570 2448 ac
596 2366 629 2446 si
649 2374 834 2474 loquentes
860 2373 1073 2468 audiremus,
1101 2398 1180 2470 per·

78 2548 261 2643 spicimus,
290 2542 352 2617 sed
377 2571 441 2642 per
465 2543 646 2655 involucra
658 2541 860 2635 verborum,
887 2539 1069 2639 inquibus
1086 2564 1183 2613 men-

79 2715 124 2786 tis
152 2741 256 2787 sensa
288 2725 323 2787 et
355 2715 507 2813 cogitata
539 2712 590 2785 sic
621 2710 755 2784 inclusa
789 2721 869 2784 sunt
900 2721 941 2783 ut
971 2712 1107 2785 animus
1145 2714 1183 2785 in
1215 2786 1220 2803 ,

79 2885 217 2978 anima,
255 2885 371 2954 anima
402 2885 440 2954 in
465 2908 636 2981 corpore,
679 2885 778 2982 quasi
811 2881 941 2979 duplici
973 2883 1181 2979 interposito

79 3051 185 3123 vallo.
241 3053 334 3126 Nam
354 3062 394 3125 ut
412 3052 508 3124 nulla
521 3053 619 3124 vocis
645 3051 836 3123 modulatio
863 3048 994 3122 celeres
1019 3048 1101 3120 illos
1126 3075 1194 3122 ra·-

79 3223 186 3294 tionis
211 3233 328 3294 motus
354 3195 593 3322 consequitur,
622 3222 670 3292 ita
695 3221 852 3291 oratione
873 3221 949 3318 ipsa
971 3172 1105 3291 tardiol·
1119 3216 1181 3293 lae·

80 3358 266 3491 betiorquc
292 3401 346 3465 est
367 3391 529 3489 scriptio.
585 3389 666 3484 Quo
692 3415 799 3488 quum
824 3388 958 3462 accedit
983 3413 1099 3462 sermo
1120 3414 1182 3490 pe·

80 3562 244 3658 regi-inus
270 3563 452 3661 nostrique
478 3559 670 3654 dissimilis,
686 3557 875 3658 praeclare
901 3559 1016 3657 agitur
1038 3559 1068 3631 si
1088 3583 1182 3630 sum·

81 3754 157 3800 mas
181 3756 300 3803 rerum
320 3729 616 3826 intellexerimus3
645 3729 708 3803 sed
734 3754 823 3829 quac
844 3727 1062 3828 singulorum
1082 3726 1182 3824 quasi

83 3898 309 3972 articulorum
339 3900 431 3974 inter
464 3925 502 3973 se
535 3901 582 3971 ait
611 3901 721 3995 ratio,
763 3899 849 4000 quid
880 3894 1071 3998 quamlibet?
1096 3892 1184 3967 levis

86 4071 340 4144 terminationis
371 4069 483 4145 flexus
516 4067 562 4143 ad
594 4067 796 4144 variandam
827 4061 1037 4140 sententiam
1064 4061 1188 4135 conie-
