2506 4492
100 199 174 269 eoa
461 194 788 280 ‚nrssnnrnrro
817 195 878 265 ιν.
957 216 1000 269 ·.=

66 445 73 476 ί
104 379 259 466 geminos,
283 372 302 442 6
323 370 537 463 περιτόναιος
559 376 698 461 Hippocr.
719 375 835 461 Aphor.
865 397 897 464 p.
919 372 994 445 738.
1018 377 1058 445 Τ.
1081 379 1137 447 111.
1162 384 1210 468 qui

102 485 191 569 plene
220 490 346 544 vocatur
367 470 580 563 περιτόναιος
605 475 703 565 όμήν
729 474 809 543 Poll.
832 477 871 545 id.
892 480 968 548 224.
998 479 1017 550 6
1047 481 1210 562 ἐπίπλους

101 587 168 651 aive
192 581 231 648 τό
252 578 432 660 ἐπίπλουν,
454 577 473 647 6
494 585 704 670 dyaconem),
736 578 756 648 6
777 581 957 670 ἐγκέφαλος
978 585 1047 650 seit.
1071 588 1207 674 μοιλός,

100 698 135 752 ut
166 682 346 749 Aristotcles
374 695 503 748 testatur
532 684 568 748 de
591 684 672 747 Part.
702 685 834 749 Animm.
865 684 903 750 11.
928 685 961 751 7.
996 709 1028 772 ρ.
1050 687 1129 768 652,
1152 693 1205 758 24.

98 790 238 861 πολλοῖς
265 785 357 852 δοκεῖ
384 781 403 851 6
423 785 605 872 ἐγκέφαλος
633 781 757 871 ,ιαιολός
781 787 889 869 εἶναι,
910 809 930 853 a
951 811 1009 874 quo
1033 793 1083 876 qui
1106 796 1206 859 couti-

102 903 214 957 nuatur
242 910 296 974 pcr
318 890 437 952 dorsum
467 884 664 960 όναοιαῑος
690 888 799 954 dicitur
820 889 896 953 Plat.
923 891 1002 955 Tim.
1033 915 1063 977 p.
1088 893 1142 959 74.
1165 900 1201 962 Α.

99 995 148 1060 cni
177 987 255 1057 idciu
283 991 517 1077 supplementum
549 989 668 1052 adhibet
694 987 825 1054 Galenus
851 991 888 1057 de
913 991 1055 1078 Temper.
1077 995 1103 1059 l.
1127 995 1200 1063 564.

98 1096 134 1162 Τ.
157 1097 181 1160 1.
202 1091 326 1182 μοελός
349 1086 528 1180 ἐγκέφαλός
547 1117 585 1158 ea
603 1091 660 1159 uui
681 1106 849 1173 νοτιαῑος,
871 1094 925 1157 aed
947 1097 1061 1160 omisso
1082 1100 1201 1164 nominc

90 1195 118 1264 -ό
139 1191 311 1286 ἐγκόρόιος
334 1218 365 1258 v.
390 1194 506 1258 Fabric.
531 1195 568 1258 ad
590 1194 729 1259 Sextc.
754 1195 846 1281 Phys.
862 1195 887 1259 l.
906 1195 982 1262 578.
1010 1197 1145 1285 lntcrpp.
1168 1202 1204 1264 ad

97 1301 208 1364 Athen.
233 1298 271 1361 11.
293 1294 348 1359 66.
371 1295 410 1359 A.
434 1297 470 1360 ad
495 1296 630 1360 ultimum
653 1298 830 1363 intestinum
851 1299 995 1382 quoddam
1018 1320 1129 1365 nomen
1151 1302 1202 1366 ha·

96 1406 147 1467 bct
172 1399 190 1466 6
210 1395 502 1472 δοιδεκαόόκτνλος
519 1399 585 1462 scil.
615 1391 737 1485 πόρος,
767 1399 847 1464 aliud
872 1397 895 1485 ἦ
921 1401 1046 1485 νῆοίιςΙ
1061 1402 1139 1467 Poll.
1161 1403 1199 1468 11.

98 1504 171 1569 108.
196 1503 246 1587 qui
267 1522 308 1565 ex
329 1502 404 1564 Huic
427 1500 502 1584 Eph.
526 1523 555 1585 p.
581 1499 635 1566 46.
658 1500 789 1586 suppleri
811 1502 917 1583 debct3
939 1501 1155 1590 ήκοροφαία
1168 1507 1201 1570 in

96 1606 223 1672 Lucian.
247 1596 373 1688 Lexiph.
398 1605 426 1687 ἓ.
449 1602 480 1666 5.
515 1625 627 1668 comam
650 1603 757 1668 summi
779 1604 902 1669 verticis
924 1604 990 1669 sive
1013 1599 1139 1674 κόννον
1160 1608 1202 1672 si·

96 1710 240 1795 gnificarc
261 1707 413 1770 videtum·
436 1705 517 1769 Haec
539 1707 639 1770 omnia
663 1707 748 1771 nobie
770 1707 961 1790 persuadent,
983 1708 1084 1791 priora
1104 1706 1203 1796 illap‘

95 1806 238 1884 οῖλκαόα,
275 1805 298 1893 ἦ
318 1805 458 1887 ὁλκαόα,
479 1804 507 1893 ἠ.
526 1804 667 1892 οὐραῖα,
696 1807 852 1892 adjectivis
873 1809 1097 1875 adnumeranda
1116 1832 1199 1890 esse,

96 1916 176 1978 unde
197 1922 269 1976 sunt
289 1922 398 1975 neutra
418 1905 456 1976 ed
474 1905 627 1996 οόραῑον,
651 1906 689 1976 τό
711 1905 869 1986 όλκαῑον,
892 1911 931 1977 τό
951 1927 1121 2001 πνγαῑον,
1151 1936 1202 1979 ac-

97 2027 187 2080 centu
216 2013 281 2097 ipsc
307 2013 448 2076 distincta
478 2033 496 2076 a
523 2024 767 2097 proparoxytono
795 2010 1000 2098 κεφάλαιον,
1032 2018 1109 2099 quod
1138 2039 1201 2081 non

95 2127 211 2202 partem
232 2115 320 2197 capiti
342 2115 512 2198 adjunctam
534 2115 587 2176 scd
614 2113 774 2198 capitulum
794 2114 961 2199 significat,
982 2113 1020 2183 τό
1039 2110 1201 2204 reccidat·

96 2241 137 2285 ον
157 2217 218 2301 τῆς
241 2213 441 2299 ρἀφανῑόος,
465 2225 598 2277 ceterum
628 2216 819 2299 aprimitivo
849 2228 910 2282 tem
940 2239 1031 2304 prope
1053 2219 1145 2283 distat
1166 2210 1201 2285 ut

96 2322 173 2385 idem
196 2338 276 2381 nunc
297 2309 445 2403 γλαύκου
468 2312 652 2402 κεφάλαιον
677 2320 802 2395 dicatur,
823 2341 904 2384 nunc
924 2314 1074 2407 γλαύκου
1092 2345 1200 2408 κεφα-

96 2415 137 2509 λή
158 2445 190 2485 ν.
215 2420 324 2484 Athen.
349 2441 378 2503 p.
402 2418 476 2484 293.
501 2421 534 2485 Β.
558 2430 588 2484 et
608 2419 684 2486 295.
710 2420 744 2484 C.
789 2421 853 2486 Nec
882 2423 1030 2506 discrepat
1051 2423 1199 2489 Romano·

96 2547 162 2589 rum
184 2524 378 2598 consuetudo,
403 2523 451 2606 qni
473 2521 558 2585 hasta
580 2533 611 2585 ct
631 2522 751 2598 hastile,
774 2544 874 2599 ramus
897 2534 928 2587 ct
949 2525 1072 2600 ramale,
1097 2528 1197 2592 scalae

97 2639 129 2692 et
150 2627 293 2706 scalaria,
323 2623 407 2687 calva
434 2634 465 2687 ct
492 2622 640 2704 calvaria,
663 2625 782 2689 flamina
811 2636 842 2690 et
872 2624 1039 2704 flaminica,
1064 2633 1200 2713 quamvis

98 2728 295 2814 grammaticis
317 2725 482 2791 rationibus
504 2725 644 2802 discreta,
669 2738 768 2791 tamen
789 2727 957 2812 promiscua
979 2729 1100 2797 habent.

607 2916 634 2999 ς.
656 2913 689 2980 ο.

176 3034 288 3123 ’Ἀλμιρ
311 3047 343 3100 et
364 3030 495 3120 α’λμαόα
522 3032 565 3117 (id
588 3035 666 3098 enim
688 3036 837 3121 sequitur)
860 3038 918 3103 etsi
946 3050 1106 3124 utrumque
1135 3065 1200 3107 mu·

98 3140 174 3204 riam
195 3140 342 3222 significat
363 3161 393 3201 v.
418 3136 569 3219 Aristoph.
594 3137 679 3202 Hodc.
702 3138 753 3201 Fr.
778 3139 861 3204 Xlll.
886 3151 986 3217 tamen
1015 3165 1077 3208 non
1099 3146 1198 3210 minus

98 3243 181 3305 inter
201 3261 234 3302 se
255 3241 423 3324 discrepant
444 3260 530 3322 quam
547 3241 599 3323 jus
621 3251 651 3304 ct
674 3242 872 3324 jurulentum,
898 3255 985 3327 potus
1009 3257 1041 3309 et
1063 3247 1199 3330 potulen-

98 3355 174 3420 tum,
198 3362 293 3424 neque
315 3343 380 3406 sine
402 3342 519 3405 ridiculi
542 3342 639 3426 specie
661 3343 776 3408 dixeris
799 3346 973 3430 naufragum
999 3351 1047 3422 εἰς
1067 3343 1200 3435 κύμαθ’

169 3644 333 3718 10)”Ιγκροο
347 3643 491 3720 ἐγκέφαλος
507 3650 617 3719 linopola.
637 3667 704 3703 nanc
722 3653 848 3705 munitum
864 3652 969 3706 Arcadii
981 3657 1096 3723 exempto
1110 3658 1200 3729 ῗγκροο

98 3737 169 3787 inter
186 3734 314 3802 disyllaba
331 3732 468 3786 referentia
486 3754 511 3803 p.
531 3737 573 3797 74,
594 3737 618 3788 6.
639 3737 796 3792 aciortaase
814 3741 886 3808 ἴγνηι
903 3741 968 3792 nihil
985 3741 1056 3793 alind
1069 3752 1111 3794 cst
1124 3761 1199 3812 quam

98 3817 213 3890 ἐγγενής,
232 3836 288 3870 cnm
306 3820 491 3886 praepositione
510 3821 675 3886 injunctum.
711 3824 739 3876 ln
756 3826 881 3879 homerico
905 3824 936 3882 ἕν
956 3823 1038 3895 καρόι
1057 3831 1122 3901 αἴσῃ
1139 3847 1197 3881 non·

87 3905 166 3954 nulli
184 3920 273 3955 nomen
291 3899 343 3973 κάρ
360 3906 494 3956 cerebrum
520 3901 603 3959 inesse
627 3911 806 3975 crediderunt,
832 3913 898 3965 unde
914 3907 985 3981 κόρα
1002 3914 1155 3980 productum
1173 3924 1200 3967 ct

100 3986 313 4056 coadaequatur,
332 3990 436 4042 cereber
454 3991 496 4059 (nt
513 3994 623 4056 celeber,
642 3995 725 4068 faber)
743 4000 770 4053 in
788 3997 874 4051 Glose.
893 3996 939 4051 Gr.
960 3998 1020 4052 Lat.
1040 4008 1067 4054 ct
1084 4003 1198 4055 cerritus

99 4070 118 4128 i,
139 4088 163 4138 p.
183 4074 343 4133 cerebrosus.

324 4162 366 4213 t·.-.
