2506 4492
76 176 144 243 tue
436 165 756 237 utssttttta'tto
785 169 831 235 ll.

73 365 195 419 retenta
216 352 333 436 quidem
355 371 441 428 esse,
470 351 523 414 sed
544 351 587 414 ita
607 361 642 413 ut
662 350 695 414 in
715 350 817 435 paucis
838 349 1059 442 consistepetur
1079 368 1187 416 exem-

74 458 144 544 plis.
186 456 279 541 Cujus
301 453 421 538 generis
442 464 515 518 suut
535 453 723 519 substantiva
743 453 881 538 superius
902 452 994 516 allata
1015 449 1101 533 dola,
1125 450 1187 542 ἆρ-

73 565 158 640 παξ,
186 551 334 647 φραδής,
358 547 488 642 ψευδής
493 607 504 637 ,
535 566 566 620 et
587 578 663 641 quae
684 555 752 620 aliis
777 555 852 620 locis
874 554 1070 620 tractavimus
1092 557 1187 645 ma}-

74 686 164 742 στις,
185 660 294 751 χῆτις,
316 659 422 745 θέτης
446 680 479 723 v.
503 658 632 722 Dissert.
657 659 709 722 Vl.
733 661 762 742 5.
788 657 840 724 10.
885 656 990 743 Neque
1012 669 1117 723 tamen
1139 661 1186 725 in·

73 766 206 830 litiamur
232 776 337 849 poetae
365 762 455 828 alicui
476 763 555 827 forte
583 761 615 824 in
637 772 767 826 mentem
795 761 916 826 venisse
942 761 1093 846 protrito
1118 787 1186 829 πο·

73 859 198 957 δαρκής
227 867 394 931 inauditum
422 858 529 939 πόδας
559 859 663 951 οἷρκής
691 865 892 943 substituere,
932 886 986 948 pro
1016 858 1209 952 deprende„

74 968 151 1057 quod
174 969 329 1054 compositi
354 970 483 1053 speciem
505 969 610 1044 habet,
639 959 781 1053 ἠνεκής,
812 967 861 1037 cui
881 967 1053 1032 Meinetius
1082 968 1183 1052 aequi·

72 1086 166 1161 parat»
178 1071 378 1158 Euphorionis
400 1071 524 1134 verbum
551 1069 710 1157 πλομένῳ
732 1070 784 1136 ἐνὶ
805 1065 877 1157 ὥρῳ
903 1091 933 1154 p.
959 1067 1034 1135 126.
1064 1072 1183 1136 codem·

73 1199 130 1262 que
152 1168 324 1266 τοὶῥροθος
345 1173 493 1237 referrem
514 1191 533 1236 a
551 1172 748 1258 Lycophroue
770 1184 945 1256 usurpatum
966 1195 1021 1257 pro
1043 1168 1184 1263 ἐπιτᾶῥ-

72 1283 198 1368 ροθος,
229 1277 255 1340 si
277 1276 362 1361 origo
383 1275 521 1341 vocabuli
542 1285 670 1360 pateret.
714 1275 772 1338 Sed
799 1269 929 1360 ψευδής
957 1287 1064 1340 contra
1086 1278 1183 1361 posito

71 1373 226 1468 ἀψευδής
246 1379 332 1462 quasi
351 1377 584 1455 inaedificatum,
607 1372 691 1465 ᾰγής
710 1399 751 1442 ex
770 1369 892 1466 εὐαγής
912 1387 1099 1462 amputatum
1118 1401 1182 1445 esse

72 1502 258 1567 nequaquam
279 1482 461 1564 persuadent
481 1481 616 1566 quamvis
636 1481 751 1545 nobiles
771 1492 930 1557 auctores3
954 1482 1122 1568 eodemque
1136 1487 1182 1571 ju·

73 1585 150 1649 dicio
169 1584 322 1672 rejicimus
344 1604 448 1647 eorum
471 1584 664 1661 senteutiam,
689 1584 740 1668 qui
757 1577 864 1651 occido
884 1606 938 1670 pm
957 1579 1109 1654 ederedo
1129 1587 1182 1651 dici

70 1687 180 1753 volunt
204 1696 259 1751 aut
284 1687 468 1771 metaplastis
497 1687 647 1751 inserunt.
691 1685 754 1751 Nos
782 1688 956 1772 acephalum
985 1689 1179 1774 appellamus,

72 1790 152 1879 quia,
176 1800 211 1854 ut
224 1788 372 1854 Varronis
389 1790 481 1854 verbo
499 1799 580 1868 utar,
605 1801 692 1874 caput
703 1810 752 1854 ‘ex
769 1810 824 1854 sua
843 1789 982 1875 analogia
997 1813 1062 1856 nou
1081 1793 1180 1859 babet.

582 1976 611 2059 i·
634 1977 667 2042 3.
770 2009 785 2031 ²

149 2096 296 2177 Quoniam
317 2097 382 2180 ipsa
401 2116 505 2159 rerum
527 2095 712 2159 continuatio
734 2095 888 2180 seriesque
911 2118 966 2163 nos
988 2121 1007 2164 a
1029 2103 1179 2186 proposito

70 2199 195 2266 abduxit
217 2198 353 2283 lougius,
376 2197 511 2261 breviter
531 2199 726 2282 repetendum
747 2199 886 2279 videtur,
913 2203 993 2265 unde
1015 2201 1091 2268 haec
1114 2227 1178 2269 coe·

50 2303 149 2389 ‚perit
170 2300 329 2385 disputatio
358 2309 389 2365 et
415 2321 473 2385 quo
495 2301 673 2368 decurrerit.
718 2302 885 2367 Exordium
909 2315 976 2368 erat
1002 2306 1040 2370 de
1064 2308 1179 2372 casibus

70 2409 123 2484 iis,
147 2425 272 2491 quorum
294 2403 496 2468 nominativus
518 2405 651 2490 nefingi
673 2405 789 2488 quidem
808 2416 908 2489 potest
928 2418 963 2471 ut
980 2405 1072 2494 α’ρνί,
1094 2409 1179 2484 υἷος.

70 2511 124 2575 His
145 2506 283 2594 proxime
305 2504 515 2592 subjunximus
543 2507 744 2587 nominativos
766 2507 899 2572 affabiles
924 2508 1059 2592 quidem,
1091 2533 1179 2596 repu-

70 2614 166 2678 diatos
189 2623 290 2676 tamen
315 2622 368 2674 aut
389 2611 425 2674 ob
448 2611 569 2674 nimiam
598 2610 764 2674 exilitatem
795 2615 867 2694 (quo
889 2632 1001 2696 genere
1026 2616 1179 2701 monosyl-

69 2716 137 2780 laba
159 2714 352 2777 continentur
372 2710 643 2796 brachycatalecta)
667 2724 719 2775 aut
740 2724 861 2797 propter
883 2735 1085 2779 consonarum
1107 2719 1179 2782 fina-

70 2820 144 2884 lium
162 2813 390 2899 repugnantiam
407 2813 602 2878 molestamur
622 2815 754 2899 ejusdem
773 2814 879 2879 litcbae
898 2816 1104 2884 iterationem.
1135 2823 1178 2885 De

70 2917 285 3006 monosyllabis
307 2915 417 2979 dictum
440 2925 487 2978 est
495 2941 505 2991 3
536 2916 572 2979 de
594 2916 772 3001 asymplocis
794 2918 921 2983 dicetur.
967 2922 1120 3002 Primum,
1146 2936 1179 2988 ut

71 3025 208 3099 ordinem
228 3021 391 3095 invertam,
414 3016 515 3082 herois
534 3039 656 3094 nomen,
680 3039 698 3082 a
720 3040 777 3103 quo
793 3021 945 3107 Mopsopia
965 3026 1114 3108 appellata
1135 3028 1176 3089 di·

71 3127 162 3200 citnr,
186 3124 218 3186 iu
239 3122 411 3187 nominandi
433 3142 505 3187 casu
527 3118 697 3208 (Mapop)
720 3134 753 3187 ut
774 3124 940 3210 Stephanus
962 3147 989 3190 s.
1010 3126 1041 3190 h.
1061 3149 1094 3194 v.
1119 3140 1178 3193 tra·

70 3230 127 3304 dit,
151 3220 302 3314 ἄῤῥητον
322 3236 380 3304 cst,
404 3244 500 3309 neque
519 3224 599 3288 alind
616 3227 767 3310 reperitur
784 3229 973 3303 vocabulum,
998 3231 1085 3315 cujus
1105 3253 1175 3296 eau-

71 3333 137 3396 dem
163 3327 307 3416 syllabam
335 3328 445 3411 duplex
466 3327 583 3391 orditur
610 3339 641 3392 et
661 3329 745 3405 finit,
775 3351 813 3393 ne
835 3341 904 3394 zeta
930 3328 1065 3415 quidem,
1102 3335 1177 3418 quod

70 3436 168 3520 ipsum
189 3431 327 3494 nonnulli
347 3429 472 3514 duplicis
493 3430 590 3495 instar
610 3430 731 3510 habent,
755 3443 962 3518 praeterquam
983 3434 1016 3497 in
1038 3435 1176 3520 stirpium

70 3535 239 3601 nominibus
253 3533 390 3620 ζίζυφοω
407 3542 437 3597 et
452 3527 608 3614 ζιζάωιον.
637 3535 750 3600 Prioris
767 3537 887 3621 generis
902 3538 1054 3622 specimen
1073 3559 1176 3602 exem-

70 3640 208 3726 plumque
235 3647 282 3700 est
306 3635 492 3723 Bacinora,
531 3640 616 3724 cnjus
643 3640 738 3705 ceteri
765 3660 851 3703 casus
879 3641 945 3705 triti
972 3653 1044 3705 sunt
1072 3641 1179 3729 Βερέ-

68 3766 177 3810 κυντα
198 3739 318 3830 χῶρον,
339 3738 537 3827 βερέκυντες
558 3735 657 3808 αὐλοί
676 3742 778 3807 Noun.
798 3741 882 3807 Xlll.
908 3741 982 3808 508.
1005 3745 1075 3809 XL.
1097 3744 1172 3812 227.

68 3846 165 3932 ipsum
193 3865 267 3910 vero
296 3843 332 3906 ab
361 3843 465 3905 eodem
495 3843 644 3928 Stephano
675 3839 826 3933 οἵρῥητον
853 3846 1038 3930 perhibetur.
1084 3848 1172 3922 Hine,

69 3949 119 4011 ubi
140 3947 235 4033 prima
256 3945 403 4030 positione
425 3946 568 4010 utendum
589 3960 673 4025 erat,
703 3949 739 4012 ad
761 3948 921 4012 secundam
943 3950 1106 4014 transitum
1127 3958 1175 4012 est

69 4049 317 4116 declinationem:
348 4040 588 4134 deporcor.
604 4050 668 4118 cori
688 4042 870 4141 Μοψόπου
893 4052 991 4117 Strab.
1015 4051 1073 4116 lX.
1097 4050 1172 4118 397.

593 4352 613 4385 ἱ
