2506 4492
83 140 156 209 97ss
326 178 331 191 ·
441 131 761 200 utssuflunrto
789 132 857 200 111.
900 172 904 181 ·
929 176 932 183 -

86 318 151 410 erla
171 315 380 408 creperico,
403 325 456 381 aut
475 309 740 403 παιδεράστριαν
765 313 955 379 scribendum
976 321 1032 377 eut
1053 324 1103 379 est
1126 316 1197 381 scri·

85 426 181 514 ptoris
214 419 308 486 dorici
328 417 465 496 verbum,
499 418 550 502 qui
571 417 764 502 paederastae
796 437 906 481 nomen
937 414 1007 480 viro
1031 419 1196 483 convenire

86 525 284 599 meminisset,
307 521 428 585 mulieri
447 520 581 586 minime.
625 517 728 605 Neque
750 518 810 583 alle
829 517 907 584 ratio
928 527 997 597 est,
1021 539 1078 584 cur
1097 519 1197 585 Aelia·

88 650 145 696 uus
167 628 205 692 ll.
228 625 309 689 Anu.
333 623 405 687 XV.
434 620 487 686 10.
521 618 545 708 η’
567 621 764 708 προτένθρς
786 621 899 686 dixerit
927 640 1015 705 quam
1042 621 1114 706 quia
1136 644 1198 687 mu·

87 752 145 797 uus
167 727 223 792 hoo
244 728 379 793 virorum
402 735 460 790 est.
505 722 540 787 ln
567 724 728 788 Simonidis
758 723 862 809 Epigr.
886 719 979 788 LVll.
1008 722 1107 788 llutlr.
1132 723 1195 789 Pal.

87 833 128 899 V.
153 829 228 896 159.
258 827 400 898 Βοίδιον
426 822 584 914 αὑλητρὶς
613 826 670 894 καὶ
698 824 843 899 Iluberis
874 831 916 892 αϊ
944 818 1023 891 ποτ’
1044 823 1196 912 ἐρασταί,

86 947 269 1022 postremum
291 930 467 996 vocabulum
490 949 562 1004 non,
589 939 623 991 ut
643 928 812 993 Brunckius
834 927 952 1005 statuit,
975 927 1197 993 substantivum

88 1048 135 1105 est
157 1038 211 1101 secl
231 1034 422 1119 adjectivum,
446 1051 502 1115 quo
520 1028 672 1095 Lucienus
694 1030 827 1116 Philops.
851 1031 880 1114 ἓ.
896 1028 948 1094 15.
966 1052 997 1116 p.
1015 1027 1068 1092 tt.
1081 1028 1193 1094 T.Vll.

87 1139 216 1227 puellam
239 1134 332 1201 amori
355 1132 518 1217 proclivem
540 1131 677 1217 designat
697 1131 842 1220 ἐραστήν
864 1144 1015 1221 γυναῖκα
1031 1130 1093 1199 ’καὶ
1110 1127 1196 1220 septi·

86 1260 211 1334 χειρον,
234 1248 267 1300 ut
288 1247 318 1300 ct
341 1234 493 1299 Heliodor.
517 1233 584 1298 Vll.
610 1233 662 1299 10.
681 1234 756 1302 271.
782 1234 923 1321 ἐραστὸν
943 1231 1022 1323 ἅμα
1043 1235 1101 1302 ecl
1117 1259 1197 1325 γορ-

87 1341 149 1432 poe
170 1336 390 1426 προςβλέττων
408 1338 486 1401 idem
508 1336 590 1400 valet
612 1338 689 1422 quod
703 1334 921 1423 servissem).
972 1334 1050 1424 Τήν
1069 1361 1197 1426 γνωτο-

89 1436 220 1533 φόντην
240 1440 389 1526 Lycophr.
416 1437 511 1502 1318.
535 1439 594 1503 etsi
610 1438 642 1501 in
658 1438 714 1504 hoc
731 1439 881 1505 consentit
895 1440 1032 1504 codicum
1050 1462 1120 1527 pars
1137 1463 1196 1506 ma·

88 1547 192 1621 xima,
224 1541 329 1608 Critici
351 1552 451 1606 tamen
472 1541 662 1605 librariorum
685 1544 782 1607 errori
803 1543 970 1628 imputaut;
1001 1563 1099 1628 neque
1125 1544 1197 1608 adeo

88 1652 218 1738 injuria3
242 1670 311 1714 uam
327 1667 417 1711 causa
431 1644 617 1731 figurationis
630 1643 711 1709 nulla
726 1655 819 1731 patet.
844 1645 900 1709 Sed
912 1645 1110 1732 Sophocleum
1124 1647 1197 1711 illul

89 1756 151 1843 τῆς
173 1742 416 1840 πατροφόντον
439 1768 535 1832 neque
554 1746 702 1832 plausibili
724 1746 912 1812 correctione
938 1747 1005 1811 tolli
1027 1769 1123 1832 neque
1145 1758 1197 1813 aut

89 1857 210 1946 synesis
232 1866 282 1920 aut
302 1853 443 1938 epitbesis
468 1850 590 1915 nominc
609 1849 750 1913 excusari
769 1859 867 1932 potest
886 1849 1061 1935 durabitque
1080 1851 1198 1916 illustri

89 1965 126 2029 ed
140 1960 303 2026 cavendum
315 1952 463 2039 exemplo,
477 1973 515 2016 ne
529 1973 615 2035 mam
631 1962 769 2037 putemus
783 1971 851 2015 esse
863 1951 999 2035 regulum
1015 1963 1076 2016 tam
1091 1951 1196 2018 immu-

90 2063 172 2130 tabili
194 2058 374 2126 necessitate
400 2054 605 2129 constrictam,
628 2073 703 2137 quae
722 2074 781 2116 nou
798 2053 953 2138 aliquando
975 2056 1128 2137 perfracta
1149 2057 1198 2122 sit.

90 2166 136 2231 Acl
151 2164 286 2228 ultimum
305 2158 425 2221 nomina
437 2157 468 2218 in
482 2142 613 2227 ε’νῖοοο
632 2153 727 2217 solum
745 2155 898 2221 femininis
920 2156 1127 2242 adjunguntur
1147 2179 1199 2245 per

91 2264 323 2352 appositionem,
363 2252 530 2344 σαφήνεια
557 2254 723 2344 ἑρμηνεύς
750 2256 813 2326 τοῦ
844 2249 956 2344 νόμον
983 2257 1131 2324 Philostr.
1159 2254 1195 2325 V.

92 2366 183 2453 Soph.
207 2364 244 2430 ll.
268 2362 321 2440 33,
345 2358 420 2427 628.
445 2366 585 2448 ἑρμηνεῖ
610 2352 774 2448 χρώμεθα
803 2360 846 2451 τῇ
874 2356 1006 2453 γλώττῃ
1029 2363 1141 2448 Synes.
1165 2363 1199 2428 tle

91 2472 188 2556 llegn.
217 2490 245 2553 p.
268 2466 300 2532 9.
326 2464 361 2530 C.
383 2459 443 2549 ἥδε
473 2461 543 2529 τῶν
575 2455 721 2552 μόχθων
747 2455 898 2552 βραβεύς
920 2465 995 2528 Eur.
1026 2465 1096 2530 Hel.
1126 2464 1198 2532 412

92 2575 143 2640 sed
165 2572 229 2657 ipsa
251 2569 341 2634 etiam
362 2567 513 2631 interdum
535 2565 679 2662 feminina
705 2577 787 2630 sunt.
833 2565 1006 2630 Priscianus
1028 2566 1069 2632 V.
1089 2566 1123 2646 7,
1146 2566 1200 2633 40.

90 2697 121 2761 p.
147 2671 272 2757 144.¹¹)
288 2690 408 2757 pereas
430 2665 448 2734 ὁ
472 2663 592 2755 φονεύς
613 2667 671 2734 καὶ
689 2664 712 2754 ἦ
730 2665 861 2756 φονεύς,
884 2668 934 2752 qui
956 2668 1077 2733 videtur
1098 2670 1201 2757 hujus·

91 2775 171 2841 modi
193 2772 338 2855 exemplis
360 2769 416 2833 niti
440 2763 465 2836 ei
487 2768 698 2859 παγκααίστη
720 2770 778 2836 καὶ
797 2768 990 2858 διαφθορεῧ
1011 2772 1100 2857 Hipp.
1124 2771 1199 2840 682.

93 2879 143 2945 cui
163 2874 305 2942 Matthiae
327 2871 447 2957 apponit
467 2871 532 2956 lpb.
553 2872 590 2936 Τ.
617 2870 692 2937 585.
716 2868 780 2958 τήν
802 2870 891 2960 ἐμήν
905 2873 1026 2962 φονέα,
1050 2896 1127 2959 quae
1147 2897 1201 2940 uo·

92 2982 172 3047 mina
194 2975 475 3064 parascbematismo
496 2975 641 3039 feminino
664 2986 786 3052 carent3
810 2997 878 3040 nam
899 2974 923 3063 ἦ
945 2972 1131 3064 φονεύτρια
1147 2999 1203 3043 no-

92 3083 199 3147 vitium
223 3094 287 3162 est3
316 3079 369 3144 sed
389 3078 539 3143 interdum
562 3078 726 3143 succedunt
748 3079 869 3143 nomina
890 3079 921 3143 in
936 3062 1006 3156 οἷ,
1036 3080 1145 3165 quibus
1173 3092 1203 3146 et

94 3203 144 3247 res
167 3194 199 3246 et
220 3195 304 3249 actor
325 3181 512 3266 significatur
533 3175 596 3266 eric
621 3174 758 3268 φθόρον
779 3181 875 3246 Arist.
894 3180 1016 3247 Tbcsm.
1036 3181 1113 3248 535.
1139 3179 1203 3270 τήν

96 3369 303 3383 -οΟΙ--ιη

166 3481 209 3547 10)
227 3479 318 3549 Syncs.
338 3485 369 3535 de
386 3484 489 3536 Provid.
503 3482 524 3535 1.
543 3483 584 3537 90.
599 3483 627 3535 b.
648 3482 680 3540 τό
696 3481 771 3542 ellos
785 3481 817 3540 τό
830 3473 960 3554 recoctio,
978 3485 1117 3554 scripsisse
1134 3487 1203 3540 vitle-

96 3575 141 3619 tur
159 3563 283 3634 ἀρεστόν.

165 3687 209 3754 11)
227 3687 316 3739 Paullo
335 3697 394 3741 aute
412 3707 436 3756 p.
458 3691 516 3748 tue.
537 3695 565 3744 a'o
583 3693 731 3744 verbalibus
752 3696 780 3744 a'a
800 3696 861 3744 (οἱα
878 3678 1087 3746 terma'oaatrbue
1110 3699 1203 3748 moeni·

95 3791 156 3826 mue
173 3776 293 3842 obliquae
307 3791 385 3825 casua
403 3776 532 3845 conjungo·
548 3777 633 3829 colere
649 3783 731 3831 etiem
748 3795 808 3829 cum
824 3783 938 3841 ewirle,
958 3785 992 3830 ut
1003 3784 1115 3833 υἰτίνίοἰ
1127 3784 1204 3846 cayno

97 3868 146 3915 etc.
168 3860 242 3926 cujus
261 3861 362 3928 generis
380 3863 494 3927 exempla
511 3864 616 3928 collegit
632 3863 826 3917 lluddimennus
845 3864 957 3917 Gramm.
974 3867 995 3918 Ι.
1015 3868 1043 3930 3,
1061 3869 1086 3920 3.
1104 3883 1129 3934 p.
1140 3865 1200 3920 1³7.

96 3947 169 3999 Adde
183 3964 302 4016 paupere
321 3945 380 3999 loro
396 3946 488 3999 Juveu.
505 3947 538 4002 V.
560 3952 620 4004 165.
641 3953 708 4018 qnod
720 3952 877 4006 Scholiastes
894 3954 1083 4022 interpretetur
1095 3957 1204 4022 parete·

97 4033 174 4084 scrib.
189 4040 308 4101 sparteo.
