<?xml version="1.0" encoding="UTF-8"?>
<!DOCTYPE html PUBLIC "-//W3C//DTD XHTML 1.0 Transitional//EN"
    "http://www.w3.org/TR/xhtml1/DTD/xhtml1-transitional.dtd">
<html xmlns="http://www.w3.org/1999/xhtml" xml:lang="en" lang="en">
 <head>
  <title>
</title>
<meta http-equiv="Content-Type" content="text/html;charset=utf-8" />
  <meta name='ocr-system' content='tesseract 3.04.00' />
  <meta name='ocr-capabilities' content='ocr_page ocr_carea ocr_par ocr_line ocrx_word'/>
</head>
<body>
  <div class='ocr_page' id='page_1' title='image "./paralipomenagra00lobegoog_0215.png"; bbox 0 0 2506 4492; ppageno 0'>
   <div class='ocr_carea' id='block_1_1' title="bbox 105 138 850 244">
    <p class='ocr_par' dir='ltr' id='par_1_1' title="bbox 105 138 850 244">
     <span class='ocr_line' id='line_1_1' title="bbox 105 138 850 244; baseline -0.011 -1"><span class='ocrx_word' id='word_1_1' title='bbox 105 174 172 244; x_wconf 83' lang='lat' dir='ltr'><strong>uo</strong></span> <span class='ocrx_word' id='word_1_2' title='bbox 346 208 350 215; x_wconf 86' lang='lat'>-</span> <span class='ocrx_word' id='word_1_3' title='bbox 460 138 850 236; x_wconf 81' lang='lat' dir='ltr'><strong>ntssnnmntou.</strong></span> 
     </span>
    </p>
   </div>
   <div class='ocr_carea' id='block_1_2' title="bbox 37 349 1249 4150">
    <p class='ocr_par' dir='ltr' id='par_1_2' title="bbox 37 349 1249 4150">
     <span class='ocr_line' id='line_1_2' title="bbox 106 349 1206 442; baseline 0 -23"><span class='ocrx_word' id='word_1_4' title='bbox 106 357 159 420; x_wconf 83' lang='lat' dir='ltr'><strong>bet</strong></span> <span class='ocrx_word' id='word_1_5' title='bbox 180 365 210 417; x_wconf 90' lang='lat' dir='ltr'><strong>et</strong></span> <span class='ocrx_word' id='word_1_6' title='bbox 231 352 380 417; x_wconf 87' lang='lat' dir='ltr'><strong>diversam</strong></span> <span class='ocrx_word' id='word_1_7' title='bbox 402 349 646 425; x_wconf 74' lang='lat' dir='ltr'><strong>declinationem,</strong></span> <span class='ocrx_word' id='word_1_8' title='bbox 670 363 743 425; x_wconf 80' lang='grc' dir='ltr'><strong><em>τοῖς</em></strong></span> <span class='ocrx_word' id='word_1_9' title='bbox 763 364 898 440; x_wconf 77' lang='grc' dir='ltr'><strong><em>πυροῖς,</em></strong></span> <span class='ocrx_word' id='word_1_10' title='bbox 926 373 1018 437; x_wconf 89' lang='lat' dir='ltr'><strong>quare</strong></span> <span class='ocrx_word' id='word_1_11' title='bbox 1054 355 1091 417; x_wconf 83' lang='lat' dir='ltr'><strong>ab</strong></span> <span class='ocrx_word' id='word_1_12' title='bbox 1114 354 1206 442; x_wconf 87' lang='lat' dir='ltr'><strong>Etym.</strong></span> 
     </span>
     <span class='ocr_line' id='line_1_3' title="bbox 105 453 1207 545; baseline 0.004 -25"><span class='ocrx_word' id='word_1_13' title='bbox 105 461 148 524; x_wconf 90' lang='lat' dir='ltr'><strong>M.</strong></span> <span class='ocrx_word' id='word_1_14' title='bbox 172 453 254 531; x_wconf 84' lang='lat'><strong>585,</strong></span> <span class='ocrx_word' id='word_1_15' title='bbox 282 453 337 519; x_wconf 99' lang='grc'><strong>40.</strong></span> <span class='ocrx_word' id='word_1_16' title='bbox 361 453 568 545; x_wconf 86' lang='lat' dir='ltr'><strong>metaplastum</strong></span> <span class='ocrx_word' id='word_1_17' title='bbox 597 455 714 536; x_wconf 88' lang='lat' dir='ltr'><strong>quidem</strong></span> <span class='ocrx_word' id='word_1_18' title='bbox 739 456 860 536; x_wconf 87' lang='lat' dir='ltr'><strong>dicitur,</strong></span> <span class='ocrx_word' id='word_1_19' title='bbox 884 457 935 520; x_wconf 90' lang='lat' dir='ltr'><strong>sed</strong></span> <span class='ocrx_word' id='word_1_20' title='bbox 965 456 1124 521; x_wconf 83' lang='lat' dir='ltr'><strong>confertur</strong></span> <span class='ocrx_word' id='word_1_21' title='bbox 1151 481 1207 524; x_wconf 91' lang='lat' dir='ltr'><strong>cun</strong></span> 
     </span>
     <span class='ocr_line' id='line_1_4' title="bbox 105 555 1205 643; baseline 0.004 -18"><span class='ocrx_word' id='word_1_22' title='bbox 105 562 157 637; x_wconf 91' lang='lat' dir='ltr'><strong>iis,</strong></span> <span class='ocrx_word' id='word_1_23' title='bbox 180 578 255 642; x_wconf 86' lang='lat' dir='ltr'><strong>quae</strong></span> <span class='ocrx_word' id='word_1_24' title='bbox 280 577 335 620; x_wconf 91' lang='lat' dir='ltr'><strong>nos</strong></span> <span class='ocrx_word' id='word_1_25' title='bbox 356 558 393 618; x_wconf 90' lang='lat' dir='ltr'><strong>ab</strong></span> <span class='ocrx_word' id='word_1_26' title='bbox 415 555 471 618; x_wconf 90' lang='lat' dir='ltr'><strong>hoc</strong></span> <span class='ocrx_word' id='word_1_27' title='bbox 495 578 621 619; x_wconf 90' lang='lat' dir='ltr'><strong>numero</strong></span> <span class='ocrx_word' id='word_1_28' title='bbox 643 556 733 642; x_wconf 84' lang='lat' dir='ltr'><strong>longe</strong></span> <span class='ocrx_word' id='word_1_29' title='bbox 756 571 914 643; x_wconf 84' lang='lat' dir='ltr'><strong>segregata</strong></span> <span class='ocrx_word' id='word_1_30' title='bbox 930 559 1086 634; x_wconf 91' lang='lat' dir='ltr'><strong>babemus,</strong></span> <span class='ocrx_word' id='word_1_31' title='bbox 1112 569 1205 628; x_wconf 79' lang='grc' dir='ltr'><strong><em>σταο·</em></strong></span> 
     </span>
     <span class='ocr_line' id='line_1_5' title="bbox 104 651 1204 751; baseline 0.002 -24"><span class='ocrx_word' id='word_1_32' title='bbox 104 659 179 751; x_wconf 83' lang='grc' dir='ltr'><strong><em>μοί,</em></strong></span> <span class='ocrx_word' id='word_1_33' title='bbox 201 653 358 745; x_wconf 66' lang='grc' dir='ltr'><strong><em>σταθμοί,</em></strong></span> <span class='ocrx_word' id='word_1_34' title='bbox 377 656 524 745; x_wconf 79' lang='grc' dir='ltr'><strong><em>ε’ρετμοί,</em></strong></span> <span class='ocrx_word' id='word_1_35' title='bbox 546 651 681 744; x_wconf 79' lang='grc' dir='ltr'><strong><em>ἕρετμοί,</em></strong></span> <span class='ocrx_word' id='word_1_36' title='bbox 703 659 826 747; x_wconf 59' lang='grc' dir='ltr'><strong><em>μικροί,</em></strong></span> <span class='ocrx_word' id='word_1_37' title='bbox 842 662 949 747; x_wconf 79' lang='grc' dir='ltr'><strong><em>μῆρα,</em></strong></span> <span class='ocrx_word' id='word_1_38' title='bbox 973 658 1089 742; x_wconf 83' lang='grc' dir='ltr'><strong><em>οἰκίαι,</em></strong></span> <span class='ocrx_word' id='word_1_39' title='bbox 1115 662 1204 731; x_wconf 85' lang='grc' dir='ltr'><strong><em>οἰκία.</em></strong></span> 
     </span>
     <span class='ocr_line' id='line_1_6' title="bbox 105 754 1204 850; baseline -0.001 -20"><span class='ocrx_word' id='word_1_40' title='bbox 105 767 219 830; x_wconf 93' lang='lat' dir='ltr'><strong>llorum</strong></span> <span class='ocrx_word' id='word_1_41' title='bbox 241 763 301 826; x_wconf 87' lang='lat' dir='ltr'><strong>alia</strong></span> <span class='ocrx_word' id='word_1_42' title='bbox 322 763 465 827; x_wconf 82' lang='lat' dir='ltr'><strong>aliorsum</strong></span> <span class='ocrx_word' id='word_1_43' title='bbox 491 762 660 845; x_wconf 81' lang='lat' dir='ltr'><strong>pertinent3</strong></span> <span class='ocrx_word' id='word_1_44' title='bbox 691 754 784 848; x_wconf 87' lang='grc' dir='ltr'><strong><em>ποροί</em></strong></span> <span class='ocrx_word' id='word_1_45' title='bbox 808 763 922 847; x_wconf 86' lang='lat' dir='ltr'>plurale</span> <span class='ocrx_word' id='word_1_46' title='bbox 949 762 1059 850; x_wconf 76' lang='grc' dir='ltr'><strong>σπῦρ</strong></span> <span class='ocrx_word' id='word_1_47' title='bbox 1082 765 1204 845; x_wconf 89' lang='lat' dir='ltr'><strong>denomi-</strong></span> 
     </span>
     <span class='ocr_line' id='line_1_7' title="bbox 80 857 1233 953; baseline -0.001 -19"><span class='ocrx_word' id='word_1_48' title='bbox 80 880 209 934; x_wconf 60' lang='lat' dir='ltr'><strong>¹natum</strong></span> <span class='ocrx_word' id='word_1_49' title='bbox 231 866 350 931; x_wconf 92' lang='lat' dir='ltr'><strong>videtur</strong></span> <span class='ocrx_word' id='word_1_50' title='bbox 371 868 484 949; x_wconf 90' lang='lat' dir='ltr'><strong>pariter</strong></span> <span class='ocrx_word' id='word_1_51' title='bbox 506 878 539 929; x_wconf 91' lang='lat' dir='ltr'><strong>ut</strong></span> <span class='ocrx_word' id='word_1_52' title='bbox 560 857 707 953; x_wconf 73' lang='grc' dir='ltr'><strong>ἤπειροί.</strong></span> <span class='ocrx_word' id='word_1_53' title='bbox 755 865 875 950; x_wconf 76' lang='lat' dir='ltr'><strong>ltaque,</strong></span> <span class='ocrx_word' id='word_1_54' title='bbox 908 868 933 930; x_wconf 93' lang='lat' dir='ltr'><strong>si</strong></span> <span class='ocrx_word' id='word_1_55' title='bbox 955 866 1062 950; x_wconf 88' lang='lat' dir='ltr'><strong>quibus</strong></span> <span class='ocrx_word' id='word_1_56' title='bbox 1084 869 1142 932; x_wconf 94' lang='lat' dir='ltr'><strong>duo</strong></span> <span class='ocrx_word' id='word_1_57' title='bbox 1161 869 1204 933; x_wconf 85' lang='lat' dir='ltr'><strong>illa</strong></span> <span class='ocrx_word' id='word_1_58' title='bbox 1230 903 1233 911; x_wconf 59' lang='lat'><strong><em>¹</em></strong></span> 
     </span>
     <span class='ocr_line' id='line_1_8' title="bbox 104 968 1204 1051; baseline 0 -14"><span class='ocrx_word' id='word_1_59' title='bbox 104 971 261 1038; x_wconf 86' lang='lat' dir='ltr'><strong>nonsatis</strong></span> <span class='ocrx_word' id='word_1_60' title='bbox 289 968 470 1033; x_wconf 89' lang='lat' dir='ltr'><strong>videbuntur</strong></span> <span class='ocrx_word' id='word_1_61' title='bbox 497 968 533 1030; x_wconf 94' lang='lat' dir='ltr'><strong>ad</strong></span> <span class='ocrx_word' id='word_1_62' title='bbox 567 968 696 1051; x_wconf 90' lang='lat' dir='ltr'><strong>speciem</strong></span> <span class='ocrx_word' id='word_1_63' title='bbox 719 969 859 1033; x_wconf 89' lang='lat' dir='ltr'><strong>tritocliti</strong></span> <span class='ocrx_word' id='word_1_64' title='bbox 882 970 1119 1048; x_wconf 80' lang='lat' dir='ltr'><strong>conciliandam,</strong></span> <span class='ocrx_word' id='word_1_65' title='bbox 1146 980 1204 1037; x_wconf 84' lang='lat' dir='ltr'><strong>bun</strong></span> 
     </span>
     <span class='ocr_line' id='line_1_9' title="bbox 103 1064 1249 1157; baseline -0.001 -16"><span class='ocrx_word' id='word_1_66' title='bbox 103 1073 279 1140; x_wconf 78' lang='lat' dir='ltr'><strong>Aristarcho</strong></span> <span class='ocrx_word' id='word_1_67' title='bbox 301 1066 444 1157; x_wconf 85' lang='grc' dir='ltr'><strong><em>ώοτρώσι</em></strong></span> <span class='ocrx_word' id='word_1_68' title='bbox 473 1070 606 1134; x_wconf 88' lang='lat' dir='ltr'><strong>scribere</strong></span> <span class='ocrx_word' id='word_1_69' title='bbox 629 1071 742 1135; x_wconf 90' lang='lat' dir='ltr'><strong>malent</strong></span> <span class='ocrx_word' id='word_1_70' title='bbox 763 1083 879 1136; x_wconf 90' lang='lat' dir='ltr'><strong>remoto</strong></span> <span class='ocrx_word' id='word_1_71' title='bbox 902 1071 1109 1156; x_wconf 73' lang='lat' dir='ltr'><strong>metaplasmo.</strong></span> <span class='ocrx_word' id='word_1_72' title='bbox 1153 1075 1204 1140; x_wconf 91' lang='lat' dir='ltr'><strong>Ve-</strong></span> <span class='ocrx_word' id='word_1_73' title='bbox 1247 1064 1249 1071; x_wconf 43' lang='lat'><strong>¹</strong></span> 
     </span>
     <span class='ocr_line' id='line_1_10' title="bbox 103 1158 1249 1263; baseline -0.003 -19"><span class='ocrx_word' id='word_1_74' title='bbox 103 1201 170 1244; x_wconf 93' lang='lat' dir='ltr'><strong>rum</strong></span> <span class='ocrx_word' id='word_1_75' title='bbox 193 1197 240 1251; x_wconf 86' lang='lat' dir='ltr'><strong>cu,</strong></span> <span class='ocrx_word' id='word_1_76' title='bbox 268 1194 343 1257; x_wconf 90' lang='lat' dir='ltr'><strong>quae</strong></span> <span class='ocrx_word' id='word_1_77' title='bbox 365 1172 582 1237; x_wconf 88' lang='lat' dir='ltr'><strong>nominativum</strong></span> <span class='ocrx_word' id='word_1_78' title='bbox 600 1175 632 1236; x_wconf 95' lang='lat' dir='ltr'><strong>in</strong></span> <span class='ocrx_word' id='word_1_79' title='bbox 654 1158 696 1240; x_wconf 72' lang='grc' dir='ltr'><strong><em>τοι</em></strong></span> <span class='ocrx_word' id='word_1_80' title='bbox 717 1175 852 1251; x_wconf 89' lang='lat' dir='ltr'><strong>mittunt,</strong></span> <span class='ocrx_word' id='word_1_81' title='bbox 876 1185 910 1237; x_wconf 88' lang='lat' dir='ltr'><strong>ut</strong></span> <span class='ocrx_word' id='word_1_82' title='bbox 929 1170 1111 1263; x_wconf 80' lang='grc' dir='ltr'><strong><em>πρόβατα,</em></strong></span> <span class='ocrx_word' id='word_1_83' title='bbox 1134 1179 1204 1242; x_wconf 89' lang='lat' dir='ltr'><strong>inter</strong></span> <span class='ocrx_word' id='word_1_84' title='bbox 1247 1180 1249 1189; x_wconf 61' lang='lat'><strong><em>⁴</em></strong></span> 
     </span>
     <span class='ocr_line' id='line_1_11' title="bbox 103 1276 1201 1366; baseline -0.001 -22"><span class='ocrx_word' id='word_1_85' title='bbox 103 1292 259 1361; x_wconf 90' lang='lat' dir='ltr'><strong>utramque</strong></span> <span class='ocrx_word' id='word_1_86' title='bbox 281 1276 510 1340; x_wconf 87' lang='lat' dir='ltr'><strong>declinationem</strong></span> <span class='ocrx_word' id='word_1_87' title='bbox 532 1276 703 1351; x_wconf 89' lang='lat' dir='ltr'><strong>fluctuasse,</strong></span> <span class='ocrx_word' id='word_1_88' title='bbox 728 1277 841 1340; x_wconf 90' lang='lat' dir='ltr'><strong>nemini</strong></span> <span class='ocrx_word' id='word_1_89' title='bbox 862 1277 971 1340; x_wconf 89' lang='lat' dir='ltr'><strong>mirum</strong></span> <span class='ocrx_word' id='word_1_90' title='bbox 989 1279 1087 1343; x_wconf 89' lang='lat' dir='ltr'><strong>videri</strong></span> <span class='ocrx_word' id='word_1_91' title='bbox 1101 1291 1201 1366; x_wconf 87' lang='lat' dir='ltr'><strong>potest.</strong></span> 
     </span>
     <span class='ocr_line' id='line_1_12' title="bbox 102 1371 1202 1469; baseline 0.002 -23"><span class='ocrx_word' id='word_1_92' title='bbox 102 1383 204 1468; x_wconf 85' lang='lat' dir='ltr'><strong>Etym.</strong></span> <span class='ocrx_word' id='word_1_93' title='bbox 228 1380 270 1443; x_wconf 90' lang='lat' dir='ltr'><strong>M.</strong></span> <span class='ocrx_word' id='word_1_94' title='bbox 295 1379 371 1454; x_wconf 87' lang='grc'><strong>542,</strong></span> <span class='ocrx_word' id='word_1_95' title='bbox 394 1377 426 1442; x_wconf 90' lang='grc'><strong>8.</strong></span> <span class='ocrx_word' id='word_1_96' title='bbox 449 1371 642 1445; x_wconf 75' lang='grc' dir='ltr'><strong><em>κτεάτεσσιν</em></strong></span> <span class='ocrx_word' id='word_1_97' title='bbox 657 1373 726 1445; x_wconf 83' lang='grc' dir='ltr'><strong>α’πὸ</strong></span> <span class='ocrx_word' id='word_1_98' title='bbox 745 1376 885 1453; x_wconf 77' lang='grc' dir='ltr'><em>εὐθείας</em></span> <span class='ocrx_word' id='word_1_99' title='bbox 901 1379 961 1466; x_wconf 71' lang='grc' dir='ltr'><strong><em>τῆς</em></strong></span> <span class='ocrx_word' id='word_1_100' title='bbox 982 1381 1093 1456; x_wconf 80' lang='grc' dir='ltr'><strong><em>κτὲας·</em></strong></span> <span class='ocrx_word' id='word_1_101' title='bbox 1115 1377 1202 1469; x_wconf 74' lang='lat' dir='ltr'><strong>olper-</strong></span> 
     </span>
     <span class='ocr_line' id='line_1_13' title="bbox 102 1477 1206 1571; baseline -0.001 -19"><span class='ocrx_word' id='word_1_102' title='bbox 102 1507 167 1552; x_wconf 79' lang='grc' dir='ltr'><strong>κοκ</strong></span> <span class='ocrx_word' id='word_1_103' title='bbox 188 1483 223 1550; x_wconf 76' lang='grc' dir='ltr'><strong>δὲ</strong></span> <span class='ocrx_word' id='word_1_104' title='bbox 235 1477 486 1570; x_wconf 68' lang='grc' dir='ltr'><strong><em>ριεταπλασμώκ</em></strong></span> <span class='ocrx_word' id='word_1_105' title='bbox 504 1481 759 1571; x_wconf 75' lang='grc' dir='ltr'><strong><em>παραδέχεσθαι</em></strong></span> <span class='ocrx_word' id='word_1_106' title='bbox 777 1478 846 1549; x_wconf 83' lang='grc' dir='ltr'><strong>α’πό</strong></span> <span class='ocrx_word' id='word_1_107' title='bbox 870 1482 930 1569; x_wconf 70' lang='grc' dir='ltr'><strong><em>τῆς</em></strong></span> <span class='ocrx_word' id='word_1_108' title='bbox 952 1477 1107 1560; x_wconf 80' lang='grc' dir='ltr'><strong><em>κτειίτοις</em></strong></span> <span class='ocrx_word' id='word_1_109' title='bbox 1125 1485 1206 1554; x_wconf 80' lang='lat' dir='ltr'><strong>dort-</strong></span> 
     </span>
     <span class='ocr_line' id='line_1_14' title="bbox 101 1584 1203 1674; baseline -0.002 -21"><span class='ocrx_word' id='word_1_110' title='bbox 101 1587 174 1674; x_wconf 74' lang='grc' dir='ltr'><strong><em>κῆς,</em></strong></span> <span class='ocrx_word' id='word_1_111' title='bbox 199 1607 274 1672; x_wconf 89' lang='lat' dir='ltr'><strong>quae</strong></span> <span class='ocrx_word' id='word_1_112' title='bbox 290 1584 451 1648; x_wconf 88' lang='lat' dir='ltr'><strong>Herodiani</strong></span> <span class='ocrx_word' id='word_1_113' title='bbox 474 1606 589 1668; x_wconf 89' lang='lat' dir='ltr'><strong>quoquc</strong></span> <span class='ocrx_word' id='word_1_114' title='bbox 607 1586 665 1648; x_wconf 88' lang='lat' dir='ltr'><strong>luit</strong></span> <span class='ocrx_word' id='word_1_115' title='bbox 686 1586 838 1649; x_wconf 87' lang='lat' dir='ltr'><strong>sententia</strong></span> <span class='ocrx_word' id='word_1_116' title='bbox 859 1589 1020 1658; x_wconf 81' lang='grc' dir='ltr'><strong>π.,01οιι.</strong></span> <span class='ocrx_word' id='word_1_117' title='bbox 1046 1611 1075 1673; x_wconf 90' lang='lat' dir='ltr'><strong>p.</strong></span> <span class='ocrx_word' id='word_1_118' title='bbox 1101 1586 1154 1665; x_wconf 86' lang='lat'><strong>37,</strong></span> <span class='ocrx_word' id='word_1_119' title='bbox 1176 1588 1203 1652; x_wconf 87' lang='lat'><strong>3.</strong></span> 
     </span>
     <span class='ocr_line' id='line_1_15' title="bbox 101 1687 1205 1774; baseline 0.004 -20"><span class='ocrx_word' id='word_1_120' title='bbox 101 1691 216 1754; x_wconf 84' lang='lat' dir='ltr'><strong>Anccd.</strong></span> <span class='ocrx_word' id='word_1_121' title='bbox 240 1689 310 1752; x_wconf 90' lang='lat' dir='ltr'><strong>Bar.</strong></span> <span class='ocrx_word' id='word_1_122' title='bbox 333 1687 366 1751; x_wconf 94' lang='lat' dir='ltr'><strong>in</strong></span> <span class='ocrx_word' id='word_1_123' title='bbox 390 1688 468 1752; x_wconf 87' lang='lat' dir='ltr'><strong>blus.</strong></span> <span class='ocrx_word' id='word_1_124' title='bbox 495 1687 584 1750; x_wconf 88' lang='lat' dir='ltr'><strong>Cant.</strong></span> <span class='ocrx_word' id='word_1_125' title='bbox 609 1688 677 1752; x_wconf 91' lang='lat' dir='ltr'><strong>Vol.</strong></span> <span class='ocrx_word' id='word_1_126' title='bbox 710 1688 747 1751; x_wconf 94' lang='lat' dir='ltr'><strong>ll.</strong></span> <span class='ocrx_word' id='word_1_127' title='bbox 772 1687 847 1754; x_wconf 85' lang='grc'><strong>420.</strong></span> <span class='ocrx_word' id='word_1_128' title='bbox 902 1690 959 1754; x_wconf 91' lang='lat' dir='ltr'><strong>Sed</strong></span> <span class='ocrx_word' id='word_1_129' title='bbox 989 1713 1081 1774; x_wconf 90' lang='lat' dir='ltr'><strong>quum</strong></span> <span class='ocrx_word' id='word_1_130' title='bbox 1118 1691 1205 1758; x_wconf 76' lang='grc' dir='ltr'><strong><em>κτέα-</em></strong></span> 
     </span>
     <span class='ocr_line' id='line_1_16' title="bbox 102 1791 1206 1879; baseline 0.005 -24"><span class='ocrx_word' id='word_1_131' title='bbox 102 1815 164 1861; x_wconf 83' lang='grc' dir='ltr'><strong><em>τοα</em></strong></span> <span class='ocrx_word' id='word_1_132' title='bbox 186 1812 331 1876; x_wconf 87' lang='lat' dir='ltr'><strong>nnsquam</strong></span> <span class='ocrx_word' id='word_1_133' title='bbox 353 1792 542 1877; x_wconf 85' lang='lat' dir='ltr'><strong>reperiatur,</strong></span> <span class='ocrx_word' id='word_1_134' title='bbox 572 1791 671 1877; x_wconf 87' lang='grc' dir='ltr'><strong><em>κτεάρ</em></strong></span> <span class='ocrx_word' id='word_1_135' title='bbox 694 1804 794 1856; x_wconf 86' lang='lat' dir='ltr'><strong>autom</strong></span> <span class='ocrx_word' id='word_1_136' title='bbox 816 1793 934 1876; x_wconf 87' lang='lat' dir='ltr'><strong>saepius</strong></span> <span class='ocrx_word' id='word_1_137' title='bbox 958 1805 1041 1857; x_wconf 89' lang='lat' dir='ltr'><strong>certe</strong></span> <span class='ocrx_word' id='word_1_138' title='bbox 1064 1797 1141 1878; x_wconf 91' lang='lat' dir='ltr'><strong>apud</strong></span> <span class='ocrx_word' id='word_1_139' title='bbox 1162 1818 1206 1879; x_wconf 92' lang='lat' dir='ltr'><strong>po·</strong></span> 
     </span>
     <span class='ocr_line' id='line_1_17' title="bbox 101 1893 1207 1982; baseline 0.003 -21"><span class='ocrx_word' id='word_1_140' title='bbox 101 1895 239 1961; x_wconf 87' lang='lat' dir='ltr'><strong>sterioris</strong></span> <span class='ocrx_word' id='word_1_141' title='bbox 261 1894 369 1958; x_wconf 84' lang='lat' dir='ltr'><strong>aetatis</strong></span> <span class='ocrx_word' id='word_1_142' title='bbox 391 1906 493 1977; x_wconf 90' lang='lat' dir='ltr'><strong>poetas</strong></span> <span class='ocrx_word' id='word_1_143' title='bbox 518 1894 625 1973; x_wconf 69' lang='lat' dir='ltr'><strong>Quint.</strong></span> <span class='ocrx_word' id='word_1_144' title='bbox 644 1893 696 1958; x_wconf 91' lang='lat' dir='ltr'><strong>lV.</strong></span> <span class='ocrx_word' id='word_1_145' title='bbox 721 1895 795 1960; x_wconf 83' lang='grc'><strong>543.</strong></span> <span class='ocrx_word' id='word_1_146' title='bbox 833 1895 975 1982; x_wconf 85' lang='lat' dir='ltr'><strong>Carplryl.</strong></span> <span class='ocrx_word' id='word_1_147' title='bbox 1003 1896 1061 1981; x_wconf 90' lang='lat' dir='ltr'><strong>Ep.</strong></span> <span class='ocrx_word' id='word_1_148' title='bbox 1086 1898 1207 1964; x_wconf 90' lang='grc'><strong>1.401.·</strong></span> 
     </span>
     <span class='ocr_line' id='line_1_18' title="bbox 100 1996 1249 2082; baseline 0.008 -21"><span class='ocrx_word' id='word_1_149' title='bbox 100 1999 136 2061; x_wconf 91' lang='grc' dir='ltr'><strong>Τ.</strong></span> <span class='ocrx_word' id='word_1_150' title='bbox 162 1996 185 2060; x_wconf 90' lang='grc' dir='ltr'><strong>Ι.</strong></span> <span class='ocrx_word' id='word_1_151' title='bbox 213 1997 368 2060; x_wconf 87' lang='lat' dir='ltr'><strong>blacedon.</strong></span> <span class='ocrx_word' id='word_1_152' title='bbox 393 1997 449 2080; x_wconf 89' lang='lat' dir='ltr'><strong>Ep.</strong></span> <span class='ocrx_word' id='word_1_153' title='bbox 472 1999 619 2062; x_wconf 88' lang='lat' dir='ltr'><strong>XXXlll.</strong></span> <span class='ocrx_word' id='word_1_154' title='bbox 645 1999 719 2064; x_wconf 89' lang='grc'><strong>120.</strong></span> <span class='ocrx_word' id='word_1_155' title='bbox 744 2000 779 2061; x_wconf 83' lang='lat' dir='ltr'><strong>T.</strong></span> <span class='ocrx_word' id='word_1_156' title='bbox 805 1999 856 2062; x_wconf 92' lang='lat' dir='ltr'><strong>Ill.</strong></span> <span class='ocrx_word' id='word_1_157' title='bbox 885 1999 1014 2082; x_wconf 82' lang='lat' dir='ltr'><strong>Gregor.</strong></span> <span class='ocrx_word' id='word_1_158' title='bbox 1041 1999 1143 2066; x_wconf 85' lang='lat' dir='ltr'><strong>Carm.</strong></span> <span class='ocrx_word' id='word_1_159' title='bbox 1165 2003 1203 2070; x_wconf 84' lang='grc' dir='ltr'><strong>Χ.</strong></span> <span class='ocrx_word' id='word_1_160' title='bbox 1247 2042 1249 2053; x_wconf 85' lang='grc'><strong><em>·</em></strong></span> 
     </span>
     <span class='ocr_line' id='line_1_19' title="bbox 101 2096 1207 2186; baseline 0.005 -23"><span class='ocrx_word' id='word_1_161' title='bbox 101 2123 131 2186; x_wconf 89' lang='lat' dir='ltr'><strong>p.</strong></span> <span class='ocrx_word' id='word_1_162' title='bbox 155 2098 211 2164; x_wconf 89' lang='grc'><strong>82.</strong></span> <span class='ocrx_word' id='word_1_163' title='bbox 234 2097 272 2160; x_wconf 90' lang='grc' dir='ltr'><strong>Α.</strong></span> <span class='ocrx_word' id='word_1_164' title='bbox 295 2096 379 2162; x_wconf 82' lang='lat' dir='ltr'><strong>th.</strong></span> <span class='ocrx_word' id='word_1_165' title='bbox 402 2121 431 2182; x_wconf 90' lang='lat' dir='ltr'><strong>p.</strong></span> <span class='ocrx_word' id='word_1_166' title='bbox 456 2099 509 2164; x_wconf 87' lang='lat'><strong>91.</strong></span> <span class='ocrx_word' id='word_1_167' title='bbox 535 2101 571 2164; x_wconf 85' lang='lat' dir='ltr'><strong>C.</strong></span> <span class='ocrx_word' id='word_1_168' title='bbox 598 2102 722 2165; x_wconf 92' lang='lat' dir='ltr'><strong>XLVll.</strong></span> <span class='ocrx_word' id='word_1_169' title='bbox 755 2125 783 2186; x_wconf 96' lang='lat' dir='ltr'><strong>p.</strong></span> <span class='ocrx_word' id='word_1_170' title='bbox 808 2099 880 2165; x_wconf 90' lang='grc'><strong>111.</strong></span> <span class='ocrx_word' id='word_1_171' title='bbox 905 2102 943 2164; x_wconf 90' lang='grc' dir='ltr'><strong>Α.</strong></span> <span class='ocrx_word' id='word_1_172' title='bbox 970 2103 1143 2168; x_wconf 83' lang='lat' dir='ltr'><strong>credibilius</strong></span> <span class='ocrx_word' id='word_1_173' title='bbox 1165 2117 1207 2169; x_wconf 92' lang='lat' dir='ltr'><strong>est</strong></span> 
     </span>
     <span class='ocr_line' id='line_1_20' title="bbox 102 2197 1206 2294; baseline 0.014 -33"><span class='ocrx_word' id='word_1_174' title='bbox 102 2224 121 2266; x_wconf 83' lang='lat' dir='ltr'><strong>a</strong></span> <span class='ocrx_word' id='word_1_175' title='bbox 142 2198 250 2284; x_wconf 92' lang='lat' dir='ltr'><strong>plurali</strong></span> <span class='ocrx_word' id='word_1_176' title='bbox 277 2197 420 2275; x_wconf 79' lang='grc' dir='ltr'><strong><em>κτέατα,</em></strong></span> <span class='ocrx_word' id='word_1_177' title='bbox 450 2204 534 2287; x_wconf 86' lang='lat' dir='ltr'><strong>cujus</strong></span> <span class='ocrx_word' id='word_1_178' title='bbox 557 2204 724 2288; x_wconf 82' lang='lat' dir='ltr'><strong>analogiam</strong></span> <span class='ocrx_word' id='word_1_179' title='bbox 748 2215 902 2289; x_wconf 91' lang='lat' dir='ltr'><strong>praestant</strong></span> <span class='ocrx_word' id='word_1_180' title='bbox 924 2203 1046 2288; x_wconf 81' lang='grc' dir='ltr'><strong><em>οίατα,</em></strong></span> <span class='ocrx_word' id='word_1_181' title='bbox 1071 2209 1206 2294; x_wconf 77' lang='grc' dir='ltr'><strong><em>φρέατα,</em></strong></span> 
     </span>
     <span class='ocr_line' id='line_1_21' title="bbox 99 2301 1207 2384; baseline 0.005 -15"><span class='ocrx_word' id='word_1_182' title='bbox 99 2301 223 2371; x_wconf 89' lang='grc' dir='ltr'><strong><em>καίατα</em></strong></span> <span class='ocrx_word' id='word_1_183' title='bbox 245 2301 361 2384; x_wconf 89' lang='lat' dir='ltr'><strong>aliaque</strong></span> <span class='ocrx_word' id='word_1_184' title='bbox 384 2324 402 2366; x_wconf 94' lang='lat' dir='ltr'><strong>a</strong></span> <span class='ocrx_word' id='word_1_185' title='bbox 424 2307 524 2369; x_wconf 87' lang='lat' dir='ltr'><strong>verbis</strong></span> <span class='ocrx_word' id='word_1_186' title='bbox 547 2307 645 2382; x_wconf 91' lang='lat' dir='ltr'><strong>ducta,</strong></span> <span class='ocrx_word' id='word_1_187' title='bbox 669 2308 755 2370; x_wconf 92' lang='lat' dir='ltr'><strong>modo</strong></span> <span class='ocrx_word' id='word_1_188' title='bbox 777 2307 892 2373; x_wconf 74' lang='grc' dir='ltr'><strong><em>κτίσεσι</em></strong></span> <span class='ocrx_word' id='word_1_189' title='bbox 907 2302 973 2373; x_wconf 83' lang='lat' dir='ltr'><strong>sive</strong></span> <span class='ocrx_word' id='word_1_190' title='bbox 987 2304 1164 2377; x_wconf 88' lang='grc' dir='ltr'><strong><em>κτεώτεσσι</em></strong></span> <span class='ocrx_word' id='word_1_191' title='bbox 1178 2323 1207 2375; x_wconf 91' lang='lat' dir='ltr'><strong>ut</strong></span> 
     </span>
     <span class='ocr_line' id='line_1_22' title="bbox 99 2402 1207 2500; baseline 0.003 -24"><span class='ocrx_word' id='word_1_192' title='bbox 99 2402 274 2476; x_wconf 87' lang='grc' dir='ltr'><strong><em>στειίτεσσι</em></strong></span> <span class='ocrx_word' id='word_1_193' title='bbox 301 2405 460 2470; x_wconf 86' lang='lat' dir='ltr'><strong>formatum</strong></span> <span class='ocrx_word' id='word_1_194' title='bbox 485 2430 565 2486; x_wconf 92' lang='lat' dir='ltr'><strong>esse,</strong></span> <span class='ocrx_word' id='word_1_195' title='bbox 594 2411 670 2494; x_wconf 90' lang='lat' dir='ltr'><strong>quod</strong></span> <span class='ocrx_word' id='word_1_196' title='bbox 692 2405 867 2473; x_wconf 86' lang='lat' dir='ltr'><strong>Eustatbius</strong></span> <span class='ocrx_word' id='word_1_197' title='bbox 890 2411 1048 2495; x_wconf 91' lang='lat' dir='ltr'><strong>epenthcsi</strong></span> <span class='ocrx_word' id='word_1_198' title='bbox 1068 2415 1207 2500; x_wconf 86' lang='lat' dir='ltr'><strong>syllabica</strong></span> 
     </span>
     <span class='ocr_line' id='line_1_23' title="bbox 100 2509 1206 2599; baseline 0.004 -23"><span class='ocrx_word' id='word_1_199' title='bbox 100 2513 255 2577; x_wconf 85' lang='lat' dir='ltr'><strong>dilatatum</strong></span> <span class='ocrx_word' id='word_1_200' title='bbox 276 2520 360 2594; x_wconf 90' lang='lat' dir='ltr'><strong>putat</strong></span> <span class='ocrx_word' id='word_1_201' title='bbox 381 2511 499 2596; x_wconf 68' lang='lat' dir='ltr'><strong>puto,</strong></span> <span class='ocrx_word' id='word_1_202' title='bbox 514 2511 566 2577; x_wconf 88' lang='grc'><strong>10.</strong></span> <span class='ocrx_word' id='word_1_203' title='bbox 590 2514 676 2576; x_wconf 91' lang='lat' dir='ltr'><strong>modo</strong></span> <span class='ocrx_word' id='word_1_204' title='bbox 699 2512 789 2576; x_wconf 91' lang='lat' dir='ltr'><strong>etiam</strong></span> <span class='ocrx_word' id='word_1_205' title='bbox 811 2509 975 2591; x_wconf 82' lang='grc' dir='ltr'><strong><em>κτειίτοις,</em></strong></span> <span class='ocrx_word' id='word_1_206' title='bbox 1000 2517 1084 2599; x_wconf 88' lang='lat' dir='ltr'><strong>cujus</strong></span> <span class='ocrx_word' id='word_1_207' title='bbox 1108 2538 1206 2580; x_wconf 82' lang='lat' dir='ltr'><strong>exem·</strong></span> 
     </span>
     <span class='ocr_line' id='line_1_24' title="bbox 99 2613 1205 2704; baseline 0.003 -25"><span class='ocrx_word' id='word_1_208' title='bbox 99 2617 180 2703; x_wconf 92' lang='lat' dir='ltr'><strong>plum</strong></span> <span class='ocrx_word' id='word_1_209' title='bbox 210 2627 310 2678; x_wconf 88' lang='lat' dir='ltr'><strong>tamen</strong></span> <span class='ocrx_word' id='word_1_210' title='bbox 339 2635 400 2677; x_wconf 92' lang='lat' dir='ltr'><strong>non</strong></span> <span class='ocrx_word' id='word_1_211' title='bbox 427 2615 586 2678; x_wconf 88' lang='lat' dir='ltr'><strong>succurrit.</strong></span> <span class='ocrx_word' id='word_1_212' title='bbox 639 2615 849 2680; x_wconf 85' lang='lat' dir='ltr'><strong>Nominativus</strong></span> <span class='ocrx_word' id='word_1_213' title='bbox 886 2613 1117 2703; x_wconf 78' lang='grc' dir='ltr'><strong><em>προσώπατα,</em></strong></span> <span class='ocrx_word' id='word_1_214' title='bbox 1154 2640 1205 2704; x_wconf 91' lang='lat' dir='ltr'><strong>quo</strong></span> 
     </span>
     <span class='ocr_line' id='line_1_25' title="bbox 37 2704 1204 2802; baseline 0.002 -20"><span class='ocrx_word' id='word_1_215' title='bbox 37 2704 52 2757; x_wconf 53' lang='lat' dir='ltr'><strong>f&#39;</strong></span> <span class='ocrx_word' id='word_1_216' title='bbox 101 2718 250 2802; x_wconf 78' lang='lat' dir='ltr'><strong>Oppianus</strong></span> <span class='ocrx_word' id='word_1_217' title='bbox 272 2714 297 2775; x_wconf 95' lang='lat' dir='ltr'><strong>l.</strong></span> <span class='ocrx_word' id='word_1_218' title='bbox 321 2714 396 2778; x_wconf 88' lang='grc'><strong>418.</strong></span> <span class='ocrx_word' id='word_1_219' title='bbox 421 2716 530 2799; x_wconf 87' lang='lat' dir='ltr'><strong>aliique</strong></span> <span class='ocrx_word' id='word_1_220' title='bbox 553 2719 687 2802; x_wconf 84' lang='lat' dir='ltr'><strong>supparis</strong></span> <span class='ocrx_word' id='word_1_221' title='bbox 703 2719 810 2783; x_wconf 89' lang='lat' dir='ltr'><strong>aetatis</strong></span> <span class='ocrx_word' id='word_1_222' title='bbox 826 2719 1049 2784; x_wconf 81' lang='lat' dir='ltr'><strong>versificatores</strong></span> <span class='ocrx_word' id='word_1_223' title='bbox 1063 2722 1112 2785; x_wconf 89' lang='lat' dir='ltr'><strong>usi</strong></span> <span class='ocrx_word' id='word_1_224' title='bbox 1127 2733 1204 2798; x_wconf 89' lang='lat' dir='ltr'><strong>sunt,</strong></span> 
     </span>
     <span class='ocr_line' id='line_1_26' title="bbox 98 2816 1206 2909; baseline 0.002 -24"><span class='ocrx_word' id='word_1_225' title='bbox 98 2821 131 2885; x_wconf 93' lang='lat' dir='ltr'><strong>in</strong></span> <span class='ocrx_word' id='word_1_226' title='bbox 153 2839 214 2881; x_wconf 93' lang='lat' dir='ltr'><strong>uno</strong></span> <span class='ocrx_word' id='word_1_227' title='bbox 237 2816 360 2879; x_wconf 84' lang='lat' dir='ltr'><strong>Homeri</strong></span> <span class='ocrx_word' id='word_1_228' title='bbox 387 2816 453 2880; x_wconf 91' lang='lat' dir='ltr'><strong>loco</strong></span> <span class='ocrx_word' id='word_1_229' title='bbox 479 2839 574 2901; x_wconf 91' lang='lat' dir='ltr'><strong>nuper</strong></span> <span class='ocrx_word' id='word_1_230' title='bbox 597 2822 713 2883; x_wconf 89' lang='lat' dir='ltr'><strong>demum</strong></span> <span class='ocrx_word' id='word_1_231' title='bbox 744 2822 781 2884; x_wconf 93' lang='lat' dir='ltr'><strong>H.</strong></span> <span class='ocrx_word' id='word_1_232' title='bbox 806 2821 954 2905; x_wconf 83' lang='lat' dir='ltr'><strong>Stephano</strong></span> <span class='ocrx_word' id='word_1_233' title='bbox 978 2835 1103 2887; x_wconf 89' lang='lat' dir='ltr'><strong>auctore</strong></span> <span class='ocrx_word' id='word_1_234' title='bbox 1125 2846 1206 2909; x_wconf 91' lang='lat' dir='ltr'><strong>repo-</strong></span> 
     </span>
     <span class='ocr_line' id='line_1_27' title="bbox 98 2919 1205 3012; baseline -0.001 -23"><span class='ocrx_word' id='word_1_235' title='bbox 98 2925 174 2989; x_wconf 92' lang='lat' dir='ltr'><strong>situs</strong></span> <span class='ocrx_word' id='word_1_236' title='bbox 197 2932 262 2998; x_wconf 82' lang='lat' dir='ltr'><strong>est3</strong></span> <span class='ocrx_word' id='word_1_237' title='bbox 287 2927 345 3002; x_wconf 84' lang='lat' dir='ltr'><strong>quo</strong></span> <span class='ocrx_word' id='word_1_238' title='bbox 369 2920 498 2983; x_wconf 90' lang='lat' dir='ltr'><strong>admisso</strong></span> <span class='ocrx_word' id='word_1_239' title='bbox 521 2921 638 2986; x_wconf 92' lang='lat' dir='ltr'><strong>dativus</strong></span> <span class='ocrx_word' id='word_1_240' title='bbox 660 2919 862 3008; x_wconf 80' lang='grc' dir='ltr'><strong><em>προσώπασι</em></strong></span> <span class='ocrx_word' id='word_1_241' title='bbox 876 2926 1063 3009; x_wconf 87' lang='lat' dir='ltr'><strong>metaplasmi</strong></span> <span class='ocrx_word' id='word_1_242' title='bbox 1079 2928 1205 3012; x_wconf 88' lang='lat' dir='ltr'><strong>speciem</strong></span> 
     </span>
     <span class='ocr_line' id='line_1_28' title="bbox 99 3021 1206 3114; baseline 0.003 -23"><span class='ocrx_word' id='word_1_243' title='bbox 99 3028 197 3101; x_wconf 88' lang='lat' dir='ltr'><strong>exuit,</strong></span> <span class='ocrx_word' id='word_1_244' title='bbox 221 3026 273 3088; x_wconf 91' lang='lat' dir='ltr'><strong>sed</strong></span> <span class='ocrx_word' id='word_1_245' title='bbox 298 3022 522 3089; x_wconf 85' lang='lat' dir='ltr'><strong>commenticias</strong></span> <span class='ocrx_word' id='word_1_246' title='bbox 536 3024 656 3089; x_wconf 89' lang='lat' dir='ltr'><strong>videtur</strong></span> <span class='ocrx_word' id='word_1_247' title='bbox 678 3026 840 3109; x_wconf 85' lang='lat' dir='ltr'><strong>singularis</strong></span> <span class='ocrx_word' id='word_1_248' title='bbox 862 3025 899 3092; x_wconf 83' lang='grc' dir='ltr'><strong><em>τώ</em></strong></span> <span class='ocrx_word' id='word_1_249' title='bbox 916 3021 1097 3114; x_wconf 80' lang='grc' dir='ltr'><strong><em>πρώςαπας</em></strong></span> <span class='ocrx_word' id='word_1_250' title='bbox 1113 3027 1155 3104; x_wconf 84' lang='grc' dir='ltr'><strong>ώς</strong></span> <span class='ocrx_word' id='word_1_251' title='bbox 1170 3031 1206 3094; x_wconf 78' lang='grc' dir='ltr'><strong><em>τὸ</em></strong></span> 
     </span>
     <span class='ocr_line' id='line_1_29' title="bbox 97 3119 1204 3218; baseline 0.001 -23"><span class='ocrx_word' id='word_1_252' title='bbox 97 3127 211 3218; x_wconf 75' lang='grc' dir='ltr'><strong><em>γόνος,</em></strong></span> <span class='ocrx_word' id='word_1_253' title='bbox 233 3124 271 3193; x_wconf 85' lang='grc' dir='ltr'>τὸ</span> <span class='ocrx_word' id='word_1_254' title='bbox 294 3119 406 3212; x_wconf 77' lang='grc' dir='ltr'><strong><em>δόρας,</em></strong></span> <span class='ocrx_word' id='word_1_255' title='bbox 429 3148 516 3209; x_wconf 89' lang='lat' dir='ltr'><strong>quem</strong></span> <span class='ocrx_word' id='word_1_256' title='bbox 539 3128 725 3195; x_wconf 85' lang='lat' dir='ltr'><strong>Herodianus</strong></span> <span class='ocrx_word' id='word_1_257' title='bbox 748 3127 962 3213; x_wconf 67' lang='lat' dir='ltr'><strong>Eustptttt,</strong></span> <span class='ocrx_word' id='word_1_258' title='bbox 986 3129 1041 3194; x_wconf 88' lang='grc'><strong>28.</strong></span> <span class='ocrx_word' id='word_1_259' title='bbox 1068 3132 1139 3196; x_wconf 90' lang='lat' dir='ltr'><strong>huic</strong></span> <span class='ocrx_word' id='word_1_260' title='bbox 1160 3154 1204 3195; x_wconf 89' lang='lat' dir='ltr'><strong>ea·</strong></span> 
     </span>
     <span class='ocr_line' id='line_1_30' title="bbox 98 3229 1204 3318; baseline -0.002 -21"><span class='ocrx_word' id='word_1_261' title='bbox 98 3233 146 3298; x_wconf 89' lang='lat' dir='ltr'><strong>sui</strong></span> <span class='ocrx_word' id='word_1_262' title='bbox 174 3230 372 3318; x_wconf 71' lang='lat' dir='ltr'><strong>praescribit;¹</strong></span> <span class='ocrx_word' id='word_1_263' title='bbox 398 3230 477 3292; x_wconf 90' lang='lat' dir='ltr'><strong>uude</strong></span> <span class='ocrx_word' id='word_1_264' title='bbox 507 3229 584 3293; x_wconf 91' lang='lat' dir='ltr'><strong>haud</strong></span> <span class='ocrx_word' id='word_1_265' title='bbox 607 3230 677 3305; x_wconf 65' lang='lat' dir='ltr'><strong>&gt;seio</strong></span> <span class='ocrx_word' id='word_1_266' title='bbox 707 3253 746 3294; x_wconf 92' lang='lat' dir='ltr'><strong>an</strong></span> <span class='ocrx_word' id='word_1_267' title='bbox 776 3233 926 3315; x_wconf 87' lang='lat' dir='ltr'><strong>acceperit</strong></span> <span class='ocrx_word' id='word_1_268' title='bbox 955 3233 1057 3297; x_wconf 89' lang='lat' dir='ltr'><strong>Sehol.</strong></span> <span class='ocrx_word' id='word_1_269' title='bbox 1081 3233 1118 3297; x_wconf 89' lang='lat' dir='ltr'><strong>ll.</strong></span> <span class='ocrx_word' id='word_1_270' title='bbox 1141 3233 1204 3298; x_wconf 91' lang='lat' dir='ltr'><strong>Vll.</strong></span> 
     </span>
     <span class='ocr_line' id='line_1_31' title="bbox 97 3326 1249 3422; baseline 0.001 -21"><span class='ocrx_word' id='word_1_271' title='bbox 97 3335 173 3402; x_wconf 91' lang='grc'><strong>212.</strong></span> <span class='ocrx_word' id='word_1_272' title='bbox 198 3329 266 3400; x_wconf 78' lang='lat' dir='ltr'><strong>alred</strong></span> <span class='ocrx_word' id='word_1_273' title='bbox 288 3332 349 3419; x_wconf 78' lang='grc' dir='ltr'><strong><em>τῆς</em></strong></span> <span class='ocrx_word' id='word_1_274' title='bbox 373 3326 536 3420; x_wconf 81' lang='grc' dir='ltr'><strong><em>πρόςαπα</em></strong></span> <span class='ocrx_word' id='word_1_275' title='bbox 562 3333 647 3418; x_wconf 83' lang='lat' dir='ltr'><strong>(fort.</strong></span> <span class='ocrx_word' id='word_1_276' title='bbox 670 3326 864 3422; x_wconf 71' lang='lat' dir='ltr'><strong>moriemurne)</strong></span> <span class='ocrx_word' id='word_1_277' title='bbox 891 3330 1031 3409; x_wconf 78' lang='grc' dir='ltr'><strong><em>εὐθείας</em></strong></span> <span class='ocrx_word' id='word_1_278' title='bbox 1053 3337 1205 3410; x_wconf 78' lang='grc' dir='ltr'><strong><em>αἰολικώς</em></strong></span> <span class='ocrx_word' id='word_1_279' title='bbox 1247 3414 1249 3419; x_wconf 23' lang='grc' dir='ltr'>Ι</span> 
     </span>
     <span class='ocr_line' id='line_1_32' title="bbox 96 3428 1249 3524; baseline -0.003 -18"><span class='ocrx_word' id='word_1_280' title='bbox 96 3428 303 3524; x_wconf 70' lang='grc' dir='ltr'><strong><em>προσώπατα</em></strong></span> <span class='ocrx_word' id='word_1_281' title='bbox 318 3436 373 3502; x_wconf 81' lang='grc' dir='ltr'><strong>καί</strong></span> <span class='ocrx_word' id='word_1_282' title='bbox 386 3428 596 3521; x_wconf 80' lang='grc' dir='ltr'><strong><em>προςώπασι,</em></strong></span> <span class='ocrx_word' id='word_1_283' title='bbox 621 3437 725 3522; x_wconf 92' lang='lat' dir='ltr'><strong>quippe</strong></span> <span class='ocrx_word' id='word_1_284' title='bbox 747 3440 970 3503; x_wconf 90' lang='lat' dir='ltr'><strong>intercurrente</strong></span> <span class='ocrx_word' id='word_1_285' title='bbox 990 3440 1122 3505; x_wconf 91' lang='lat' dir='ltr'><strong>nominis</strong></span> <span class='ocrx_word' id='word_1_286' title='bbox 1138 3463 1203 3504; x_wconf 89' lang='lat' dir='ltr'><strong>aeo-</strong></span> <span class='ocrx_word' id='word_1_287' title='bbox 1247 3428 1249 3461; x_wconf 75' lang='lat'>⁵</span> 
     </span>
     <span class='ocr_line' id='line_1_33' title="bbox 97 3534 1202 3627; baseline 0.005 -24"><span class='ocrx_word' id='word_1_288' title='bbox 97 3541 149 3605; x_wconf 93' lang='lat' dir='ltr'><strong>lici</strong></span> <span class='ocrx_word' id='word_1_289' title='bbox 170 3534 310 3605; x_wconf 81' lang='grc' dir='ltr'><strong><em>ὅππατα</em></strong></span> <span class='ocrx_word' id='word_1_290' title='bbox 330 3540 486 3603; x_wconf 86' lang='lat' dir='ltr'><strong>memoria.</strong></span> <span class='ocrx_word' id='word_1_291' title='bbox 532 3540 741 3604; x_wconf 88' lang='lat' dir='ltr'><strong>Praetermitto</strong></span> <span class='ocrx_word' id='word_1_292' title='bbox 768 3541 907 3605; x_wconf 83' lang='lat' dir='ltr'><strong>ficticium</strong></span> <span class='ocrx_word' id='word_1_293' title='bbox 937 3542 1117 3627; x_wconf 90' lang='lat' dir='ltr'><strong>metaplasin</strong></span> <span class='ocrx_word' id='word_1_294' title='bbox 1146 3534 1202 3608; x_wconf 79' lang='lat' dir='ltr'><strong>‹td-</strong></span> 
     </span>
     <span class='ocr_line' id='line_1_34' title="bbox 97 3641 1201 3731; baseline 0.008 -21"><span class='ocrx_word' id='word_1_295' title='bbox 97 3666 196 3731; x_wconf 86' lang='grc' dir='ltr'><strong><em>κρασι</em></strong></span> <span class='ocrx_word' id='word_1_296' title='bbox 217 3652 249 3704; x_wconf 89' lang='lat' dir='ltr'><strong>ct</strong></span> <span class='ocrx_word' id='word_1_297' title='bbox 274 3642 388 3704; x_wconf 90' lang='lat' dir='ltr'><strong>ectasin</strong></span> <span class='ocrx_word' id='word_1_298' title='bbox 413 3642 506 3705; x_wconf 92' lang='lat' dir='ltr'><strong>nihilo</strong></span> <span class='ocrx_word' id='word_1_299' title='bbox 527 3644 755 3726; x_wconf 87' lang='lat' dir='ltr'><strong>probabiliorem</strong></span> <span class='ocrx_word' id='word_1_300' title='bbox 778 3641 930 3729; x_wconf 73' lang='grc' dir='ltr'><strong><em>δέσματα</em></strong></span> <span class='ocrx_word' id='word_1_301' title='bbox 958 3645 1135 3713; x_wconf 77' lang='grc' dir='ltr'><strong><em>ἐκτέταται</em></strong></span> <span class='ocrx_word' id='word_1_302' title='bbox 1163 3641 1201 3718; x_wconf 75' lang='grc' dir='ltr'><strong>ώς</strong></span> 
     </span>
     <span class='ocr_line' id='line_1_35' title="bbox 96 3742 1198 3837; baseline -0.003 -23"><span class='ocrx_word' id='word_1_303' title='bbox 96 3744 136 3814; x_wconf 74' lang='lat' dir='ltr'><strong>ud</strong></span> <span class='ocrx_word' id='word_1_304' title='bbox 153 3742 322 3831; x_wconf 73' lang='grc' dir='ltr'><strong><em>ὀνείρατα,</em></strong></span> <span class='ocrx_word' id='word_1_305' title='bbox 344 3743 552 3828; x_wconf 83' lang='grc' dir='ltr'><strong><em>προςώπατα</em></strong></span> <span class='ocrx_word' id='word_1_306' title='bbox 575 3745 675 3810; x_wconf 86' lang='lat' dir='ltr'><strong>Schol.</strong></span> <span class='ocrx_word' id='word_1_307' title='bbox 700 3747 754 3810; x_wconf 88' lang='lat' dir='ltr'><strong>Od.</strong></span> <span class='ocrx_word' id='word_1_308' title='bbox 779 3746 803 3809; x_wconf 90' lang='lat' dir='ltr'><strong>l.</strong></span> <span class='ocrx_word' id='word_1_309' title='bbox 827 3745 903 3812; x_wconf 86' lang='grc'><strong>204.</strong></span> <span class='ocrx_word' id='word_1_310' title='bbox 947 3745 1054 3832; x_wconf 88' lang='lat' dir='ltr'><strong>Neque</strong></span> <span class='ocrx_word' id='word_1_311' title='bbox 1076 3753 1198 3837; x_wconf 76' lang='grc' dir='ltr'><strong><em>ἔγκασι,</em></strong></span> 
     </span>
     <span class='ocr_line' id='line_1_36' title="bbox 98 3841 1249 3934; baseline 0 -20"><span class='ocrx_word' id='word_1_312' title='bbox 98 3850 176 3934; x_wconf 91' lang='lat' dir='ltr'><strong>quod</strong></span> <span class='ocrx_word' id='word_1_313' title='bbox 197 3845 336 3910; x_wconf 91' lang='lat' dir='ltr'><strong>nonnulli</strong></span> <span class='ocrx_word' id='word_1_314' title='bbox 352 3866 393 3908; x_wconf 84' lang='lat' dir='ltr'><strong>ex</strong></span> <span class='ocrx_word' id='word_1_315' title='bbox 406 3841 573 3933; x_wconf 74' lang='grc' dir='ltr'><strong><em>ἐγκώτοισι</em></strong></span> <span class='ocrx_word' id='word_1_316' title='bbox 588 3861 773 3915; x_wconf 87' lang='lat' dir='ltr'><strong>contractum</strong></span> <span class='ocrx_word' id='word_1_317' title='bbox 786 3851 870 3934; x_wconf 84' lang='lat' dir='ltr'><strong>ajunt</strong></span> <span class='ocrx_word' id='word_1_318' title='bbox 884 3872 915 3913; x_wconf 91' lang='lat' dir='ltr'><strong>v.</strong></span> <span class='ocrx_word' id='word_1_319' title='bbox 927 3849 1196 3921; x_wconf 80' lang='lat' dir='ltr'><strong>Philem-Gramm.</strong></span> <span class='ocrx_word' id='word_1_320' title='bbox 1246 3901 1249 3934; x_wconf 66' lang='lat'><strong>,</strong></span> 
     </span>
     <span class='ocr_line' id='line_1_37' title="bbox 98 3947 1249 4040; baseline 0.004 -24"><span class='ocrx_word' id='word_1_321' title='bbox 98 3954 126 4034; x_wconf 70' lang='lat'><strong>§-</strong></span> <span class='ocrx_word' id='word_1_322' title='bbox 152 3950 205 4017; x_wconf 88' lang='grc'><strong>64.</strong></span> <span class='ocrx_word' id='word_1_323' title='bbox 230 3947 437 4034; x_wconf 87' lang='lat' dir='ltr'><strong>metaplastum</strong></span> <span class='ocrx_word' id='word_1_324' title='bbox 459 3949 517 4014; x_wconf 93' lang='lat' dir='ltr'><strong>dici</strong></span> <span class='ocrx_word' id='word_1_325' title='bbox 538 3956 648 4036; x_wconf 90' lang='lat' dir='ltr'><strong>potest,</strong></span> <span class='ocrx_word' id='word_1_326' title='bbox 672 3975 761 4037; x_wconf 91' lang='lat' dir='ltr'><strong>quum</strong></span> <span class='ocrx_word' id='word_1_327' title='bbox 783 3957 907 4040; x_wconf 76' lang='grc' dir='ltr'><strong><em>ἔγκατα</em></strong></span> <span class='ocrx_word' id='word_1_328' title='bbox 934 3955 1010 4038; x_wconf 90' lang='lat' dir='ltr'><strong>apud</strong></span> <span class='ocrx_word' id='word_1_329' title='bbox 1041 3956 1138 4040; x_wconf 93' lang='lat' dir='ltr'><strong>ipsum</strong></span> <span class='ocrx_word' id='word_1_330' title='bbox 1160 3954 1197 4017; x_wconf 88' lang='lat' dir='ltr'><strong>le·</strong></span> <span class='ocrx_word' id='word_1_331' title='bbox 1244 3984 1249 4021; x_wconf 57' lang='lat' dir='ltr'><strong>a</strong></span> 
     </span>
     <span class='ocr_line' id='line_1_38' title="bbox 98 4050 1249 4150; baseline 0.007 -34"><span class='ocrx_word' id='word_1_332' title='bbox 98 4066 187 4137; x_wconf 83' lang='lat' dir='ltr'><strong>gatur</strong></span> <span class='ocrx_word' id='word_1_333' title='bbox 207 4054 369 4118; x_wconf 89' lang='lat' dir='ltr'><strong>Homerum</strong></span> <span class='ocrx_word' id='word_1_334' title='bbox 389 4073 501 4121; x_wconf 88' lang='lat' dir='ltr'><strong>nomen</strong></span> <span class='ocrx_word' id='word_1_335' title='bbox 522 4053 637 4140; x_wconf 89' lang='lat' dir='ltr'><strong>plurale</strong></span> <span class='ocrx_word' id='word_1_336' title='bbox 658 4066 775 4120; x_wconf 88' lang='lat' dir='ltr'><strong>tantum</strong></span> <span class='ocrx_word' id='word_1_337' title='bbox 802 4066 838 4119; x_wconf 92' lang='lat' dir='ltr'><strong>ut</strong></span> <span class='ocrx_word' id='word_1_338' title='bbox 859 4077 1042 4150; x_wconf 85' lang='lat' dir='ltr'><strong>synonyma,</strong></span> <span class='ocrx_word' id='word_1_339' title='bbox 1064 4050 1194 4144; x_wconf 64' lang='lat' dir='ltr'><strong>arrideat,</strong></span> <span class='ocrx_word' id='word_1_340' title='bbox 1243 4073 1249 4110; x_wconf 76' lang='lat'><strong>¹</strong></span> 
     </span>
    </p>
   </div>
   <div class='ocr_carea' id='block_1_3' title="bbox 0 0 1258 4492">
    <p class='ocr_par' dir='ltr' id='par_1_3' title="bbox 0 0 1258 4492">
     <span class='ocr_line' id='line_1_39' title="bbox 0 0 1258 4492; baseline 0 2"><span class='ocrx_word' id='word_1_341' title='bbox 0 0 1258 4492; x_wconf 95' lang='lat' dir='ltr'><strong> </strong></span> 
     </span>
    </p>
   </div>
  </div>
 </body>
</html>
