2506 4492
248 185 308 252 uu
336 182 499 252 ucula.
527 181 698 250 MONOS.
729 182 766 248 C.
788 181 833 248 ll.
863 183 893 269 fi.
917 181 975 289 1.·
1091 182 1159 251 tat

51 357 158 437 borum
184 365 398 431 vocabulorum
426 363 595 449 ambiguum
624 375 656 430 et
678 374 821 431 accentus
843 360 991 428 instabilis
1015 372 1046 426 et
1068 359 1159 426 decli·

51 469 183 537 dationis
201 460 376 551 imparilitas
395 477 426 531 et
444 467 629 551 quorundam
645 489 767 532 casuum
787 467 920 530 defectus
939 465 1066 530 beatulis
1083 464 1158 541 illis,

51 572 99 658 pui
134 569 322 654 antiquitatis
356 569 454 652 copias
486 569 690 652 adspexerant
724 568 856 632 illibatas
890 579 978 653 atquc
1010 569 1159 652 integras,

51 675 232 741 uberrimam
254 672 457 756 praebuerunt
481 671 647 755 disputandi
668 672 835 735 materiam.
880 673 924 735 Αο
949 671 1077 735 fortasse
1097 671 1160 755 jam

50 780 81 845 in
103 788 211 841 vetere
233 774 285 839 illa
308 772 577 837 Grammaticorum
600 774 824 851 controversia,
856 794 931 857 quae
953 774 1011 837 luit
1031 774 1067 837 dc
1089 793 1162 836 ana-

51 880 131 967 logia
156 890 189 944 et
213 876 361 941 anomalia
383 876 550 952 sermonis,
584 876 658 940 haec
682 877 794 961 agitata
817 888 866 941 est
888 878 924 941 de
947 874 1161 962 monosyllabis

51 982 200 1068 quaestio.
231 978 400 1065 Tryphonis
423 979 540 1063 quidem
561 990 745 1043 memoratur
766 979 843 1043 liber
863 979 941 1066 περὶ
961 979 1022 1064 τῆς
1043 982 1080 1042 ἐν
1097 978 1162 1062 μθ·

51 1083 278 1170 νοσαλλοίβοις
301 1075 485 1169 ἀναλογίας
505 1102 537 1146 v.
563 1081 598 1145 C.
624 1080 648 1144 l.
674 1082 701 1165 ἓ.
728 1081 758 1146 1.
784 1103 870 1167 quam
893 1081 962 1146 buic
984 1080 1090 1165 generi
1111 1081 1162 1143 ab·

51 1189 200 1272 judicasse
223 1184 343 1248 videtur
366 1183 510 1261 Chaeris3
541 1183 665 1247 namin
689 1184 789 1248 Schol.
811 1187 862 1253 N.
887 1183 958 1249 103.
984 1185 1033 1248 ubi
1055 1202 1163 1247 accen

51 1302 100 1354 tus
130 1287 333 1374 genitivorum
361 1281 484 1366 θώων,
515 1284 649 1354 παίδων
679 1297 739 1350 etc.
774 1287 973 1372 disceptatur,
1012 1297 1163 1372 postrema

51 1393 144 1456 verba
163 1393 289 1474 Χαῖρις
312 1388 348 1455 de'
368 1411 473 1476 φησιν
494 1385 554 1455 οὐν
575 1389 665 1489 Ιοἶναι
686 1394 723 1457 ἐν
745 1403 824 1464 τοῖς.
840 1382 1054 1478 δισυλλάβοις
1075 1384 1164 1455 οἰνα-
1211 1402 1214 1407 “

51 1490 184 1582 λογίαν,
206 1513 255 1556 res
277 1493 341 1576 ipsa
363 1494 549 1556 demonstrat
570 1493 614 1556 sic
636 1493 792 1556 scribenda
813 1514 882 1557 esse
905 1497 942 1559 ἐν
960 1505 1034 1566 τοῖς
1053 1513 1165 1578 μονο-

51 1591 251 1684 ιιαλλαίβοις,
274 1605 326 1658 aut
348 1604 431 1658 certe
453 1593 617 1678 significari
639 1595 852 1659 inclinamenta
875 1595 1160 1681 monosyllabarum.

51 1701 111 1766 Sed
134 1699 220 1764 nobis
241 1698 363 1783 propior
385 1717 475 1771 cura,
504 1697 582 1759 unde
604 1707 674 1760 nata
696 1698 758 1760 sint
779 1709 811 1762 et
831 1721 889 1783 quo
911 1702 1058 1763 traducta.
1103 1695 1164 1761 Ve-

51 1815 135 1868 teres
159 1801 276 1886 quidem
298 1821 316 1863 a
336 1799 438 1862 loturo
461 1797 546 1873 verbi
568 1810 727 1884 repetunt,
749 1793 853 1888 γλαιίξ
870 1797 939 1869 aiud
957 1802 1019 1868 coci
1037 1790 1165 1887 plutio·
1214 1887 1216 1892 ,

52 1931 99 1973 σω
125 1903 227 1969 Sobol.
248 1902 282 1965 ll.
299 1905 343 1970 P.
359 1899 433 1965 172.
459 1903 500 1987 to
522 1896 592 1968 aiud
614 1903 678 1968 coti
700 1904 786 1970 ἴπτω
811 1903 911 1967 Sobol.
929 1903 1039 1968 Aescb.
1059 1903 1161 1966 Prom.

52 2007 128 2075 365.
153 2004 217 2098 ῥίψ
241 2014 271 2068 ct
293 2000 369 2095 ῥαίψ
391 2025 409 2067 a
430 2003 521 2095 ῥέποι
546 2005 615 2069 Scb.
635 2006 731 2070 Arist.
751 2008 821 2072 Pac.
841 2005 916 2073 693.
942 2000 1006 2080 δαίς
1028 2026 1047 2070 a
1068 1995 1162 2070 διίσοι

52 2111 160 2178 ssriou.
181 2106 243 2184 18,
265 2106 298 2171 1.
323 2107 448 2171 etitem
470 2108 530 2172 alia
551 2103 627 2186 α’ίλξ,
648 2104 724 2196 δόρξ
747 2121 806 2174 etc.
830 2111 1062 2194 subscriptorem
1084 2105 1166 2173 nacti

53 2208 507 2287 contraluctantes
545 2210 609 2276 Nos
631 2233 648 2276 e
671 2214 791 2279 diverso
812 2234 986 2297 persuasum
1009 2213 1164 2288 babemm,

52 2319 151 2404 sigma
177 2315 251 2380 illud
278 2333 339 2377 non
367 2333 385 2375 e
406 2311 569 2397 longinquo
590 2315 750 2399 repetitum
778 2316 832 2379 sed
854 2316 888 2380 in
909 2317 1005 2399 primo
1026 2312 1166 2382 vocabuli

51 2433 123 2487 satu
153 2427 307 2502 receptum
339 2434 407 2479 csse
438 2413 585 2500 lingendis
614 2416 788 2500 masculinis
822 2427 852 2480 et
883 2418 1056 2495 femininis,
1090 2409 1166 2497 δαίς,

50 2515 155 2612 ιιροίς,
178 2516 255 2598 eila,
279 2515 365 2598 ονίξ,
388 2513 462 2603 λίψ,
487 2509 584 2603 polu,
608 2512 671 2606 ὅψ,
694 2516 811 2582 neutris
832 2519 865 2582 in
886 2520 1091 2593 uuam-trium
1112 2539 1168 2582 vo·

51 2626 178 2701 oalium,
199 2622 304 2707 quibus
322 2618 467 2686 vocabula
484 2618 635 2703 primitiva
654 2618 735 2683 finiri
751 2632 889 2704 possunt,
909 2621 1047 2698 deflexis,
1067 2613 1166 2711 ιιοίρα,

51 2725 143 2820 γάλα
165 2728 339 2814 (utrumque
361 2722 463 2787 eadem
484 2720 643 2785 metathesi
662 2719 875 2808 effectum),'
851 2749 937 2843 upa,
959 2721 1051 2800 λίπα,
1075 2719 1167 2793 ἅλοι-

51 2858 122 2925 φα,
151 2827 246 2924 μέλι,
268 2820 352 2913 αλφι
366 2813 549 2914 ¹)ylcipv,
575 2836 669 2911 φῑαα.
712 2825 775 2891 Hae
797 2838 898 2894 autem
921 2830 1002 2914 ipsae
1024 2827 1167 2894 termina·

55 3009 273 3028 ‘—

147 3128 174 3194 1)
199 3127 283 3194 Stirps
300 3127 420 3179 vocabuli
442 3127 498 3179 sine
517 3127 593 3178 dubio
616 3133 657 3179 ost
674 3113 743 3196 ἆλῖᾆ,
769 3136 878 3195 cognate
900 3143 958 3180 cam
981 3129 1060 3182 verbo
1080 3125 1168 3201 ἄλφοι,

53 3211 151 3280 ἔλθω,
171 3214 227 3276 alo,
252 3230 300 3265 non
319 3210 406 3284 οἶλφιτ
424 3220 455 3264 ut
471 3215 643 3265 Buttmannus
662 3215 741 3265 sumit
758 3213 871 3267 Gramm.
892 3231 916 3281 p.
936 3217 996 3270 2¹3.
1033 3214 1086 3268 Nec
1104 3215 1169 3268 ferri

54 3308 183 3372 possunt,
204 3316 270 3368 quae
286 3300 355 3351 idern
373 3299 575 3351 comminiscitur
594 3301 722 3361 themata,
741 3298 832 3368 μιλιτ,
851 3299 966 3383 γαλακτ.
1000 3303 1057 3354 Ten
1076 3303 1170 3369 prioris

56 3388 183 3441 vocabuli
201 3387 315 3438 cliticum
333 3393 383 3447 est,
402 3387 476 3439 ntia
493 3385 583 3437 latinis
598 3385 667 3437 Ditis
681 3387 725 3452 (A
727 3375 777 3450 οι)
797 3387 874 3448 dotis,
893 3395 925 3439 nt
942 3388 1002 3440 din
1019 3389 1127 3454 lapidis,
1153 3403 1171 3440 n

56 3477 86 3528 in
104 3475 233 3534 tendinis,
254 3474 311 3524 rin
330 3473 410 3538 glorie
428 3473 519 3538 (viras,
539 3487 637 3540 speres,
657 3473 801 3538 rugarum),
822 3487 888 3539 quae
907 3481 968 3525 sunt
985 3475 1103 3542 propriae
1121 3472 1170 3526 llo-

55 3577 195 3616 manorum
210 3561 303 3611 literae
319 3559 437 3620 criticas,
457 3556 551 3609 Graeci
568 3559 629 3609 solis
644 3564 756 3610 utuntur
770 3559 917 3610 dentalibus
932 3555 1034 3624 δαίδας,
1050 3555 1172 3632 χάριτος,

56 3644 186 3714 ὄρνιθος
222 3644 287 3698 Nem
303 3667 320 3699 ν
337 3647 364 3696 in
382 3660 433 3698 nno
451 3651 558 3743 apparet
574 3645 721 3711 pronomine
738 3646 826 3710 τίνοι,
849 3647 917 3712 quod
934 3653 1017 3698 totum
1035 3646 1067 3696 ab
1085 3646 1171 3696 analo-

55 3734 105 3799 gia
123 3733 248 3794 recessit,
279 3728 371 3786 uuerde
387 3745 405 3783 n
421 3726 488 3798 ιιτὴν
509 3729 551 3795 (ut
567 3733 625 3798 pala
645 3738 672 3782 et
688 3726 744 3798 μήν
760 3731 872 3793 mensis,
891 3731 1008 3797 mensor)
1030 3730 1173 3798 profectum

57 3820 170 3878 videtur
187 3819 272 3884 potius
291 3832 367 3886 quem
385 3819 504 3881 exedas,
522 3816 583 3883 quie
600 3815 626 3865 in
644 3817 726 3884 stirpe
742 3806 873 3881 ιιι-α’ζιιι
891 3817 984 3868 literae
999 3837 1018 3869 ν,
1033 3817 1174 3881 vestigium

58 3907 179 3967 nullum,
199 3906 249 3956 nisi
266 3908 336 3958 κτείς
353 3919 443 3955 nomen
460 3901 623 3970 participinlc
640 3910 690 3965 est,
709 3888 802 3971 quob
794 3919 820 3954 ιο
836 3903 1007 3955 declinatione
1024 3910 1070 3953 tan
1089 3903 1172 3970 (κτιν-

59 3988 108 4052 ade
126 3987 287 4055 attenedo)
304 3989 401 4056 abjecit
418 3997 449 4043 ut
465 4006 504 4056 πρ
506 3990 589 4044 loros·
624 3987 687 4044 In‘'
671 4005 714 4044 svs
732 3990 840 4041 eandem
855 3988 959 4040 literam
976 3988 1058 4053 magis
1075 3988 1173 4042 ttame-

60 4079 144 4132 tioam
161 4093 218 4130 esso
236 4083 343 4144 apparet
360 4092 393 4130 ex
410 4075 546 4144 panagorio
563 4073 639 4146 οἴνη,
656 4090 745 4130 mnne.
778 4073 917 4128 Genitivas
932 4068 1067 4146 pallescet
1084 4084 1173 4144 suttu-
