2506 4492
92 162 160 228 168
183 168 186 173 ’
454 153 772 222 DISSERTATIO
800 153 844 218 II.

97 341 270 429 Τίρυνθα,
293 359 346 424 pro
368 358 425 422 quo
448 333 563 399 Gailius
584 356 618 400 re
636 355 739 419 parum
761 333 923 399 deliberata
941 329 1070 419 Τίρκκς
1082 332 1204 417 scripsit

93 470 121 512 c.
146 445 204 509 50.
228 463 258 528 p.
275 439 351 507 267.
367 437 573 524 complacitum
589 436 769 514 Clauseni03
793 436 923 500 dativum
934 432 1098 526 Τιρόκθη
1121 457 1204 520 prae·

93 552 144 613 liet
166 545 262 612 codex
292 543 420 627 optimus
442 541 565 605 Arrian.
588 537 680 602 Alex.
705 538 744 603 V.
765 537 828 614 26,
851 536 883 602 8.
909 539 975 602 edd.
999 549 1127 603 veteres
1151 541 1203 606 Τι-

93 641 232 737 ρόκθῳ,
263 646 312 710 cui
333 643 501 708 Ellendtius
524 641 687 706 hesiodium
708 640 888 726 [exemplum
913 641 1063 726 ‹sanicitp
1106 652 1139 706 et
1171 643 1204 704 ab

94 753 198 817 eodem
220 747 346 833 Scylace
367 770 397 833 p.
423 744 475 809 18.
500 735 714 833 Πολκῤῥήκκ
736 744 846 808 dicitur
867 745 957 820 urbs,
993 765 1070 828 quae
1100 765 1121 808 a
1142 745 1204 808 Ste-

94 855 191 940 phano
214 846 403 938 Πολόρρηκ
423 858 551 912 vocatur
572 846 641 914 οἷκό
662 845 726 912 τοῦ
747 841 856 913 modici
878 838 982 937 ρήκεκ
1006 846 1081 931 (sic)
1107 851 1204 937 ἔχειν,

95 957 148 1021 sed
176 955 251 1018 illud
273 975 388 1039 quoque
410 950 505 1015 doctis
528 950 560 1011 in
594 949 793 1033 suspicionem
820 950 915 1013 venit.
962 949 1204 1038 Hesychiumque

99 1058 260 1150 Τίρυνθα
285 1051 380 1128 πόλις
408 1059 445 1120 ἐκ
468 1047 583 1141 ’Ἀργει
606 1052 756 1136 obliquum
785 1073 886 1116 casum
913 1065 996 1118 recte
1023 1053 1204 1138 interpreta-

88 1176 159 1231 ¹tum
182 1183 249 1225 esse
272 1166 423 1232 statuunt,
448 1157 525 1241 quod
548 1177 644 1240 neque
666 1156 703 1218 de
726 1154 782 1219 hoc
805 1177 901 1240 neque
924 1157 960 1220 de
981 1148 1146 1242 Γορκόκα
1166 1156 1203 1218 si·

97 1265 274 1347 milibusque
296 1261 373 1325 sumi
405 1281 541 1325 necesse.
586 1259 726 1322 Latinum
747 1257 877 1336 Aruns,
909 1259 1077 1343 quodcum
1093 1258 1205 1344 Τίκηκε

98 1386 269 1430 communes
299 1365 397 1428 flexus
431 1362 539 1438 habet,
571 1360 678 1425 Graeci
707 1359 766 1424 alio
800 1373 922 1426 vertere
953 1363 1056 1426 solent
1070 1355 1205 1452 Ἄρρων

98 1467 251 1533 Plutarch.
275 1465 313 1531 V.
334 1464 419 1530 Publ.
443 1487 470 1529 c.
492 1465 548 1527 IX.
566 1462 629 1530 coti
641 1457 829 1551 ’Ἀῤῥοκκος
848 1486 875 1527 e.
888 1462 999 1526 XVIII.
1019 1463 1066 1552 τῷ
1079 1458 1204 1553 ’'Appio-

98 1595 134 1639 eu
146 1571 185 1634 V.
204 1568 320 1633 Camill.
340 1567 412 1632 XV.
433 1561 586 1655 όἍρῥος
604 1568 693 1630 Dion.
711 1567 778 1630 Ilal.
795 1564 834 1630 V.
851 1563 904 1630 36.
927 1566 991 1630 VII.
1011 1566 1043 1631 5.
1062 1563 1204 1653 όἏρόκ-

98 1673 209 1747 vch.
230 1671 281 1736 15.
300 1670 381 1757 (cod.
392 1663 608 1759 tantamve
627 1668 690 1736 voti
704 1659 870 1756 Ἀροόκκκ
881 1669 932 1734 IV.
942 1668 995 1735 30.
1011 1670 1058 1759 τῷ
1071 1665 1204 1758 Ἀροόκ-

98 1802 139 1863 κη
162 1797 188 1839 c.
209 1771 264 1841 28.
281 1772 387 1858 qauibus
408 1772 484 1847 locis
499 1774 564 1836 eod.
586 1772 654 1837 Vat.
673 1767 895 1861 Ἅῤῥοκκκος,
912 1766 1115 1861 Ἆρρὀκκτι,
1132 1769 1204 1858 Ἆρ’·

99 1884 205 1969 ροκκκ
222 1875 296 1962 (sic)
310 1877 450 1961 praebet;
476 1875 636 1958 eodemque
648 1876 734 1940 modo
748 1871 910 1963 Κρήσκης
924 1886 956 1939 et
972 1877 1084 1942 similia
1098 1878 1135 1941 ad
1148 1899 1202 1940 mo·

43 2011 50 2029 .
100 2003 164 2052 rem
186 1979 407 2066 gentiliciorum
428 1977 588 2043 deflectunt
607 2000 639 2043 v.
658 1978 786 2045 Dissert.
803 1978 826 2042 l.
849 1980 877 2061 ἓ.
895 1975 927 2042 6.

612 2170 641 2252 s.
664 2167 697 2232 a.

187 2291 338 2354 Hactenus
360 2290 396 2352 dc
418 2288 619 2374 metaplasmis
642 2290 772 2354 diximus
794 2290 852 2367 iis,
884 2311 957 2374 quos
981 2291 1138 2356 naturales
1160 2312 1203 2375 ap·

103 2395 214 2479 pellere
228 2393 325 2477 placet
346 2401 502 2476 propterea
524 2394 614 2475 quod,
638 2416 692 2457 eur
715 2393 916 2456 nominativus
940 2393 1028 2469 desit,
1052 2395 1134 2457 ratio
1147 2394 1203 2456 ido·

104 2516 162 2561 nea
183 2496 266 2561 reddi
287 2505 397 2579 potest.
422 2495 546 2559 Restant
567 2496 706 2579 positivi,
731 2517 857 2580 quorum
879 2494 1006 2579 primum
1038 2516 1141 2559 casum
1163 2496 1204 2558 in-

102 2601 246 2665 usitatum
268 2599 361 2661 fuisse
390 2597 454 2661 solo
478 2598 745 2662 Grammaticorum
773 2599 945 2663 testimonio
975 2607 1105 2661 constat.
1153 2596 1205 2659 Sed

104 2703 178 2765 haec
199 2721 305 2763 rursus
327 2699 359 2761 in
384 2700 442 2761 duo
465 2700 555 2763 dividi
577 2711 702 2783 possunt
722 2722 846 2784 genera,
868 2722 991 2785 quorum
1014 2721 1110 2763 unum
1133 2721 1207 2762 com·

103 2802 245 2888 plectitur
267 2799 471 2885 monosyllaba
492 2801 623 2864 maxime
650 2802 682 2864 in
710 2803 855 2885 duplicem
884 2803 1048 2879 ex'euntia,
1083 2803 1208 2866 alterum

106 2927 181 2990 quae
204 2925 292 2988 supra
315 2903 459 2988 syllabam
481 2913 561 2966 sunt.
610 2903 707 2967 Causa
729 2916 828 2967 autem
850 2906 1050 2970 distinctionis
1063 2906 1138 2969 haec
1153 2917 1209 2980 est,

106 3009 182 3092 quod
203 3008 256 3071 illa
280 3027 343 3069 non
364 3005 463 3069 aliena
484 3005 601 3089 quidem
632 3007 668 3068 ab
697 3007 835 3091 analogia
864 3030 919 3071 nec
947 3009 1068 3092 penitus
1097 3019 1210 3072 remota

106 3111 142 3174 ab
164 3130 220 3172 usu
243 3109 543 3188 fuerunt,·attamen
565 3110 597 3175 in
619 3109 793 3173 universum
821 3112 935 3195 gratiae
960 3110 1131 3175 habuerunt
1158 3110 1210 3174 mi·

107 3232 176 3287 uus,
199 3231 234 3288 ae
257 3212 283 3274 si
305 3212 401 3276 facilis
422 3212 542 3296 patabat
563 3210 683 3288 exitus,
712 3214 843 3277 studiose
873 3213 1021 3278 declinata
1051 3226 1124 3278 sunt
1146 3234 1210 3298 pro·

107 3327 174 3400 pter
198 3332 250 3378 eas
272 3336 389 3389 causas,
424 3336 496 3398 quas
518 3314 551 3377 in
571 3315 716 3399 principio
745 3316 833 3401 hujus
867 3317 1127 3381 commentationis
1157 3337 1209 3379 ex-

106 3416 238 3501 planavi.
284 3418 415 3481 Primum
440 3417 623 3481 homericum
649 3413 726 3484 όλκί
738 3418 934 3484 Ptolemaeus
955 3418 1130 3483 Ascalonita
1152 3438 1210 3482 non

108 3520 253 3584 dubitavit
280 3523 397 3586 referre
428 3523 464 3585 ad
495 3521 712 3586 nominativum
744 3515 825 3599 όλξ,
860 3544 947 3606 quem
969 3523 1140 3588 Methodius
1171 3541 1210 3584 ex

108 3619 193 3710 οἷλκή
216 3622 367 3686 concisum
389 3624 504 3708 putavit
527 3620 570 3697 κός
583 3621 720 3712 φοικόκη
739 3624 860 3712 φοίνιξ,
883 3623 984 3715 φρίκη
1000 3624 1090 3713 epig,
1111 3618 1210 3710 κρόκη

107 3723 183 3815 κρόξ
200 3727 300 3812 Etym.
318 3726 361 3790 Ill.
376 3747 405 3808 p.
421 3724 475 3803 69,
493 3724 548 3790 34.
581 3725 773 3793 Aristarchus
787 3741 892 3793 contra
910 3740 1055 3793 consueta
1068 3729 1210 3793 Aeolihus

108 3831 263 3914 metaplasi
290 3850 331 3892 ex
360 3828 455 3912 prima
484 3831 521 3893 ad
542 3830 662 3893 tentiam
689 3831 919 3896 declinationem
948 3833 1121 3896 traductum
1144 3850 1211 3894 esse

109 3935 252 4010 affirmat;
283 3932 337 3996 hos
362 3930 442 3995 enim
474 3930 539 4018 την
561 3930 665 4020 ἰωκηκ
687 3932 771 4001 laiac
793 3933 980 4024 λέγεινκαὶ
1001 3932 1065 4020 την
1088 3927 1211 4023 κρόκηκ

108 4029 211 4130 κρόκα
232 4035 289 4103 col
308 4033 373 4122 τηκ
394 4026 502 4122 eiluein
523 4029 610 4107 όόλκκ
624 4034 668 4111 cir
682 4033 800 4123 σόρκκ·
818 4041 849 4104 εἰ
869 4035 906 4104 δὲ
926 4032 1015 4105 όλκκ
1031 4032 1077 4111 ,κός
1092 4032 1209 4126 σάρκα,
