2506 4492
97 180 167 251 {28
213 188 220 205 ’·
459 179 771 249 ntssnnrutto
800 178 844 248 ll.

99 359 256 456 φεψάλυξ
276 382 294 427 ο
316 359 484 449 φέψαλος,
510 361 567 425 boo
588 382 607 425 a
628 356 739 448 podo.
784 361 861 427 Sunt
880 381 956 428 vero
977 360 1071 427 etlam
1093 341 1206 448 quae}

100 481 132 535 et
147 456 173 545 Ξ
191 468 355 543 alternent,
379 462 655 552 νρίβων-τρίβαξ
674 465 809 544 (trebax‚
833 465 1041 548 servitribax),
1065 459 1204 552 μόθον-

98 566 234 661 μόθοιξ,
259 561 536 655 locucio-iclyta&
557 571 589 648 (a
609 566 728 655 λείβω,
752 567 872 649 limus),
895 561 1203 645 κνώδων-κνοῖδαξ,

98 669 366 762 cippo-palpet,
390 671 475 755 cujus
496 691 666 757 synonyma
687 682 758 734 sunt
777 670 940 769 pellat,
943 669 1120 770 pallei-1⁵).
1157 671 1203 735 llis

99 777 193 862 igitur
211 774 358 859 exemplis
377 773 566 836 manifestum
586 773 631 848 lit,
654 774 881 839 terminationes
901 778 952 849 αξ,
977 778 1018 850 ιξ,
1040 779 1094 851 οξ,
1117 773 1206 838 multo
1232 868 1235 875 Ι

100 880 220 964 saepius
241 876 407 952 additicias,
431 896 519 963 quam
539 897 558 939 a
579 875 689 939 futuris
710 877 871 941 verborum
894 877 1044 941 derivans
1068 898 1155 953 esse,
1175 896 1204 940 ae

92 983 126 1048 >si
148 981 214 1066 quis
237 982 323 1045 modo
345 980 434 1042 unius
456 977 593 1042 vocabuli
614 978 798 1042 variationes
819 979 1081 1060 animadverterit,
1105 970 1204 1066 astipo-

97 1089 179 1176 doc,
208 1077 342 1173 ccccc,
371 1080 532 1170 trovato
562 1077 793 1185 escandens,
822 1073 1013 1169 oreiadas,
1056 1103 1116 1168 qua
1142 1081 1203 1166 latr
1246 1080 1248 1167 ἷ

99 1189 173 1254 baec
195 1197 358 1271 regantur,
386 1184 457 1247 sciri
480 1205 565 1267 posse
588 1185 766 1269 desperabit.

164 1289 238 1353 Cum
263 1288 318 1352 boo
339 1295 438 1350 autem
461 1307 586 1371 genere,
609 1286 687 1370 quod
700 1286 740 1349 ¹in
762 1287 922 1370 partitione
945 1297 1051 1350 nostra
1074 1284 1204 1350 ultimum

99 1404 184 1469 erat,
216 1391 380 1456 concinunt
404 1389 603 1467 Romanorum
632 1387 776 1452 vocabula
802 1389 942 1474 adjectivi
971 1400 1003 1453 et
1029 1387 1212 1453 substantivi·

99 1495 238 1582 generis,
261 1493 368 1578 partim
390 1492 544 1556 verbalia:
575 1503 715 1568 sternax,
739 1503 843 1576 tagax,
866 1512 992 1575 procax,
1015 1503 1142 1568 vertex,
1164 1501 1207 1554 tu·

98 1620 171 1664 mex
193 1588 319 1683 speltae
337 1595 437 1659 Gloss.
461 1617 557 1679 apex,
581 1595 699 1672 struix,
720 1595 858 1680 impetix,
881 1593 1026 1669 offendix‚
1048 1595 1205 1680 appendix,

97 1701 229 1779 volvox‚
254 1700 360 1782 partim
382 1720 564 1786 paronyma:
597 1701 670 1762 dens
692 1699 823 1772 dentex,
847 1698 954 1761 furnus
975 1693 1205 1785 (θερμάστρο)

97 1806 209 1870 fornax
231 1804 355 1878 fornix,
385 1823 487 1865 ramus
509 1824 616 1865 ramex
646 1801 738 1882 (siout
765 1799 869 1864 bernia
896 1796 990 1887 παρῶ
1017 1800 1057 1866 cd
1088 1803 1205 1889 ἔρνος).

99 1908 157 1972 Sed
178 1907 255 1970 bane
277 1904 502 1968 similitudinem
530 1903 711 1967 articulatim
733 1903 871 1987 persequi
901 1903 977 1967 baud
999 1905 1035 1968 ab
1059 1924 1096 1969 re
1121 1905 1205 1968 duco.

98 2010 199 2095 ltaque
222 2007 317 2092 primo
340 2006 446 2091 generi
468 2008 670 2090 componenda
698 2017 770 2075 sunt
795 2005 940 2090 simplicia
967 2006 1135 2085 lors,¹lax
1161 2006 1207 2090 (li-

98 2112 211 2192 cium),
241 2129 320 2193 pax,
351 2128 426 2183 arx,
456 2110 578 2184 scrobs,
606 2110 712 2185 scobs,
741 2108 809 2171 fons
832 2119 891 2172 eto.
917 2131 1042 2193 quorum
1066 2130 1205 2174 numerus

97 2232 159 2276 non
187 2210 310 2295 perinde
338 2230 463 2294 magnus
492 2212 662 2275 abundante
692 2211 922 2295 compositorum
948 2213 1050 2296 eopia,
1083 2213 1204 2289 artifex,

95 2313 251 2388 mellifex,
281 2333 409 2396 aucepS,
439 2313 575 2398 forceps,
605 2336 763 2399 manceps,
795 2315 1014 2399 menceps¹⁶),
1045 2315 1204 2399 vesticeps,

95 2437 228 2496 aureax,
253 2436 377 2491 remex,
401 2415 541 2501 aquilex,
565 2416 707 2502 altispex,
731 2416 902 2502 coelispcx,
921 2419 1036 2502 judex3
1071 2427 1105 2481 et
1125 2439 1205 2503 para·

96 2521 305 2607 syntbetorum
328 2520 445 2599 subex,
474 2519 600 2604 applex,
631 2521 787 2606 complex,
817 2519 913 2596 illex,
941 2519 1055 2596 index,
1086 2520 1203 2605 pollex,

95 2644 200 2689 resex.
239 2623 376 2702 ‘Quorum
403 2624 547 2687 nonnulla
576 2646 643 2688 cum
670 2623 755 2688 verbi
784 2621 1007 2685 inclinamentis
1035 2623 1205 2688 notabiliter

96 2732 287 2808 congruunt;
322 2722 390 2785 duco
412 2732 443 2786 et
464 2744 526 2787 rear
551 2723 722 2789 Priscianus
744 2723 768 2787 1.
794 2723 833 2800 5,
854 2721 909 2790 28.
937 2746 967 2809 p.
990 2723 1068 2792 449.
1101 2747 1205 2815 aper-

166 3012 210 3078 15)
227 3010 371 3078 Hesychius
387 3005 520 3063 Κέλλικαο
536 3001 673 3076 destinas,
699 3011 809 3063 fortasse
827 3030 872 3081 pro
890 3011 1025 3082 μέλλιναε.
1058 3015 1129 3068 ldem·
1146 3018 1204 3070 Μέ-

94 3095 173 3153 beses
183 3094 308 3166 νεώτεροι
321 3105 348 3148 et
356 3093 454 3159 Mutat
467 3089 622 3164 δημοτικός,
636 3098 704 3148 sicut
715 3099 846 3167 popularis
859 3101 955 3152 dicitur
968 3117 1013 3167 pro
1026 3103 1123 3154 sodalis
1137 3094 1204 3169 ἧλιξ.

166 3206 210 3273 ld)
232 3205 389 3260 Niebuhrius
407 3208 475 3260 llist.
495 3208 566 3261 Rom.
587 3208 618 3260 Τ.
639 3209 658 3262 l.
678 3212 744 3264 Adu.
767 3212 825 3266 tot.
849 3221 951 3264 veteres
969 3214 1091 3266 literatos
1108 3213 1203 3267 erroris

96 3294 198 3359 arguit,
225 3297 292 3360 quod
308 3299 444 3362 municeps
467 3296 633 3362 compositum
656 3312 713 3348 esse
736 3300 908 3362 credideriut,
934 3307 961 3350 et
978 3298 1113 3362 levitatis,
1140 3301 1205 3368 quod

94 3380 150 3431 tria
168 3380 269 3430 nomina
290 3381 316 3431 in
339 3382 443 3432 candem
463 3382 589 3450 syllabam
607 3383 741 3446 cadentia,
768 3387 869 3453 biceps,
890 3389 1033 3453 preoccupes,
1057 3391 1203 3453 municeps,

95 3467 214 3518 utribus
233 3467 343 3518 diversis
361 3468 494 3519 vocabulis
512 3474 608 3535 caput,
623 3474 710 3536 cepio
726 3479 753 3522 et
770 3488 882 3538 capesso
899 3479 1017 3538 repetere
1035 3473 1122 3523 eonati
1141 3473 1201 3524 sint.

94 3551 150 3626 Illis
165 3569 230 3617 vcro
243 3568 371 3621 nunquam
387 3554 413 3605 in
428 3562 538 3605 mentem
553 3556 634 3616 veuit,
655 3572 791 3624 capessere
806 3566 853 3609 aut
866 3558 999 3615 diversum
1014 3572 1030 3607 a
1045 3573 1142 3625 eopers
1158 3564 1204 3610 aut

94 3639 195 3691 omnino
213 3632 246 3690 ad
263 3641 459 3706 componendam
482 3649 569 3707 aptum
587 3657 660 3704 esse,
692 3659 721 3693 ac
739 3644 912 3706 mirarentur,
938 3652 1015 3712 puto,
1041 3645 1144 3712 siquis
1162 3661 1203 3696 ue·

95 3732 170 3791 garet
185 3723 288 3794 γαστήρ
305 3722 421 3781 ἄναλτον
443 3734 469 3778 et
486 3731 562 3795 κρέας
579 3724 697 3781 ἄναλτον
716 3728 759 3779 vel
779 3728 858 3796 septis
874 3727 968 3797 νεαλήο
990 3737 1018 3781 et
1036 3728 1203 3798 capessebant

77 3796 190 3881 ’νεαλήο
207 3812 317 3864 (fisemis
335 3819 394 3863 orta
411 3828 468 3863 esse
484 3813 626 3879 principiis.
656 3813 683 3864 Si
700 3831 758 3880 ceps
776 3816 878 3884 syllaba
895 3816 1024 3879 significat
1042 3817 1071 3867 id
1086 3819 1153 3885 quod
1171 3817 1204 3867 ad

94 3913 148 3948 rem
166 3899 292 3965 pertinet,
320 3897 384 3947 nibil
401 3898 512 3949 interest
528 3913 651 3966 auenpem
670 3901 780 3967 aliquem
799 3903 869 3953 dieas
887 3918 919 3952 an
938 3903 1083 3965 aviarium,
1110 3903 1204 3954 mentis

93 3993 231 4051 compotem
249 3999 282 4034 an
300 3991 384 4034 mente
404 3991 516 4049 captum.
550 3982 599 4035 Sed
617 3986 736 4048 interest,
757 3989 841 4049 credo,
861 3987 1009 4054 plurimum.
1041 3988 1131 4043 Nihilo
1149 4005 1204 4042 cer·

93 4069 146 4120 tior
162 4071 225 4121 mibi
243 4071 349 4122 videtur
366 4071 413 4121 illa
431 4070 461 4120 de
480 4072 588 4140 consol,
605 4073 701 4134 exsul,
714 4073 843 4140 parasset,
868 4073 1029 4140 conjectura.
1126 4102 1130 4109 ·
