2506 4492
96 164 171 237 σοι
268 118 271 127 ’
441 141 845 229 σιεειαιινισιιῑ
917 144 929 187 ·‘
994 174 1009 199 ·-

97 344 255 416 induxisse
280 341 412 420 videtur,
440 351 476 406 ut
497 363 572 427 quac
593 334 806 428 adjectivorum
828 334 1055 407 similitudinem
1075 328 1194 429 gerunt}

97 475 134 520 re
155 470 229 515 vera
249 448 285 510 ab
305 445 367 509 illis
388 446 626 529 possessivorum
648 445 734 509 modo
763 444 898 510 derivata
923 443 1053 509 vellent.
1098 445 1196 531 Neque

98 555 189 620 aliter
208 548 306 613 sentio
329 548 365 610 de
386 536 554 611 nominibus
575 547 745 631 oppidorum
756 547 916 625 Autronio,
938 546 1121 624 Brauronia,
1143 547 1196 634 Cy·

99 653 201 729 donia‚
224 671 260 715 ea
281 664 341 712 non
363 652 461 713 minus
483 649 630 734 adjectiva
650 670 716 713 esse
738 669 825 732 quom
846 651 918 713 urbs
932 648 1128 735 Syracusana
1141 661 1195 714 etc.

101 755 316 837 fortuitnmquo
337 772 420 827 reor,
452 736 537 836 quod*
553 750 658 815 horum
686 752 782 815 forma
808 751 980 837 principalis
1004 752 1196 827 inveteravit,

101 878 176 944 quae
199 856 226 922 si
248 854 319 919 olim
343 855 452 918 abolita
474 864 573 930 osset,
602 874 637 916 ea
659 873 732 939 quae
758 874 838 916 nunc
859 853 1038 920 derivativis
1059 856 1197 918 adnume-

99 972 219 1036 rantur,
241 957 458 1042 primitivorum
481 975 588 1019 nomen
609 953 765 1039 locumque
789 966 981 1041 usurparent.
1027 956 1091 1036 Qua
1111 957 1144 1018 in
1165 976 1197 1022 ro

101 1062 262 1129 memoriae
284 1059 415 1123 occurrit
436 1057 473 1120 G.
494 1055 522 1119 V
523 1055 595 1120 ossii
616 1057 715 1142 opinio
735 1058 903 1142 Aristotel.
928 1057 981 1121 lll.
1006 1056 1060 1124 38.
1083 1058 1198 1144 Ptttq·

96 1168 147 1252 pi,
180 1163 294 1238 Gobii,
325 1161 395 1223 olim
416 1157 582 1223 incolarum
610 1159 703 1225 fnisse
723 1161 891 1242 vocabula,
916 1160 1022 1245 hisque
1044 1172 1197 1227 consenta-

102 1287 160 1331 nea
186 1283 292 1349 graecu
320 1258 517 1350 Βραγχίδαι,
549 1257 720 1342 Οἰνιάδαι,
747 1260 987 1350 Πασαργάδαι,
1010 1264 1200 1344 Λεοντῖνοι,

102 1364 256 1446 Λίνδιοι,
286 1360 445 1448 Θούριοι,
479 1355 684 1449 Πολλῆσιοι,
709 1357 854 1449 Ῥύπεςῗ,
885 1359 1098 1453 Κεντόριπες
1127 1367 1200 1430 Cen·

101 1469 238 1554 turipae,
268 1465 411 1553 Γέργις,
441 1461 590 1551 Κύδων,
625 1462 796 1553 Κρήσιον
831 1465 930 1581 eqef)
966 1490 1044 1552 quae
1085 1469 1200 1533 nomina

103 1582 174 1638 sunt
193 1570 310 1633 urbium
333 1579 363 1632 et
389 1567 555 1633 incolarum
572 1569 763 1648 communia,
792 1570 880 1653 idque
902 1569 999 1654 ipsum
1020 1572 1150 1636 fortasse
1170 1571 1200 1635 in

102 1693 192 1740 causa
216 1673 291 1748 fnit,
328 1692 383 1735 cur
418 1671 508 1754 aliqui
529 1670 714 1759 Γεργίδιοι,
739 1669 921 1753 Ῥωπαῖσι,
947 1675 1199 1760 Κρηστωναῑοι,

103 1776 238 1844 dicerem
274 1774 311 1837 ob
346 1775 460 1837 formae
493 1773 659 1857 primitivae
694 1774 880 1839 intellectum
919 1775 1099 1860 ambignum.
1145 1777 1200 1840 Sed

102 1881 139 1944 dc
163 1878 209 1942 luis
238 1885 349 1940 statuat
376 1876 453 1958 qnod
483 1876 608 1960 quisque
645 1877 795 1953 voluerit3
825 1887 896 1941 sunt
929 1877 1012 1941 enim
1038 1900 1117 1962 quae
1141 1902 1201 1944 om·

103 2002 171 2046 nem
194 1979 413 2044 cunctationem
435 1977 616 2062 praecidant.
663 1980 828 2063 Stephanus
850 1976 1035 2060 Κνδκνία,
1065 1978 1201 2050 decoll-

102 2106 162 2169 της
190 2075 430 2165 Κυδωνιάτης,
459 2070 589 2146 Κύδων
614 2079 672 2145 καὶ
693 2078 940 2155 Κωδωνικδς
966 2075 1092 2170 άνήρ,
1124 2087 1199 2168 quod

103 2184 194 2266 vulgo
230 2180 340 2264 legitur
365 2181 493 2242 Theocr.
524 2177 589 2242 Vll.
619 2180 672 2245 12.
709 2182 905 2267 similiterque
939 2177 1025 2273 άνύρ
1054 2180 1202 2262 Ἰωνικός

102 2284 197 2348 Arist.
221 2282 290 2346 Pac.
317 2281 371 2357 47.
396 2293 427 2346 et
449 2281 560 2345 omisso
582 2283 703 2347 nomine
723 2281 915 2376 Ἀχαρνικοί
926 2287 1020 2352 Arist.
1034 2288 1112 2353 Ach.
1129 2290 1200 2356 324.

103 2382 298 2458 Λακωνικοί
318 2405 349 2448 v.
373 2384 536 2449 Hermann.
559 2386 597 2448 ad
618 2383 715 2450 Nnbh.
736 2384 810 2451 187.
835 2388 991 2454 indiscreti
1013 2391 1048 2455 ab
1071 2392 1201 2476 illisqui

102 2490 221 2577 proprie
242 2483 404 2561 Λάκωνες
427 2487 567 2572 appellari
590 2488 688 2551 solent
714 2510 746 2554 v.
769 2486 918 2576 lirneger.
940 2493 978 2556 ad
998 2494 1081 2557 Xan.
1105 2494 1199 2558 Anah.

103 2592 142 2656 V.
168 2592 200 2668 1,
224 2589 277 2655 15.
300 2586 484 2675 Ἀριστίων
508 2585 717 2664 Πλαταιικός
737 2590 880 2656 Aeschin.
899 2593 978 2660 Fals.
995 2595 1068 2681 Leg.
1084 2620 1112 2682 p.
1129 2596 1200 2662 549.

103 2695 179 2778 quod
206 2694 261 2758 vix
289 2693 389 2755 differt
415 2712 434 2754 a
464 2687 671 2772 Πλαταιεύς,
700 2690 897 2781 Ἀρκαδικὸς
923 2697 1063 2765 Menand.
1092 2700 1199 2784 Troph.

103 2818 134 2882 p.
165 2780 407 2878 160.'(ruuidee
432 2789 627 2880 Ἀρκαδικοί
653 2796 780 2860 Theocr.
810 2797 875 2862 Vll.
907 2798 981 2864 106.
1019 2811 1053 2865 ut
1079 2802 1202 2871 Λιιδάν

102 2899 221 2974 παῖδες
242 2898 368 2980 Herod.)
402 2901 438 2964 cl
456 2892 651 2982 Ῥωμαὶιιαί
678 2897 734 2961 Dio
763 2899 848 2964 Cass.
873 2900 1013 2967 LXXVI.
1046 2902 1098 2968 16.
1129 2907 1201 2991 apud

102 3002 226 3065 Latinos
248 3001 388 3077 Poenici,
409 2999 435 3064 si
456 3000 607 3084 vulgatam
636 3001 789 3083 sequimur
810 3002 898 3067 Varr.
923 3003 958 3069 L.
981 3003 1047 3068 Vll.
1073 3004 1199 3091 :sospro

21 3158 23 3163 ⁴
103 3102 208 3180 Poeni,
230 3104 343 3168 Italici
360 3124 414 3187 pro
434 3101 510 3166 ltali.
557 3102 609 3166 His
639 3102 857 3187 praetermissis
887 3105 1082 3172 Grammatici
1108 3121 1200 3173 certa·

103 3206 156 3271 tim
178 3206 320 3290 ingerunt
346 3205 483 3290 exempla
504 3225 669 3289 paragogae
690 3206 723 3267 in
748 3191 810 3280 ὦς.
861 3208 1038 3291 Apollonius
1067 3212 1103 3275 de
1125 3213 1197 3276 Adv.

103 3331 132 3393 p.
156 3306 230 3372 597.
254 3300 443 3396 παράγεται
461 3309 529 3393 μὲν
548 3302 572 3392 ἡ
594 3297 704 3393 φωνή,
727 3304 769 3373 ού
789 3306 913 3395 μύντδ
931 3312 1198 3400 σημαινόμενον,

105 3408 149 3485 οἷς
174 3405 225 3478 ἐπ’
246 3405 428 3496 ὀνομάτων
453 3414 518 3500 ἔχει
537 3405 576 3475 τύ
605 3403 820 3497 άναγκαίη
848 3409 925 3500 γάρ
954 3415 1119 3507 ἐπείγει
1146 3417 1199 3485 καὶ

102 3513 349 3605 παρθενικῇ
370 3518 531 3591 εἰκαῖα,
554 3511 613 3579 καὶ
632 3508 672 3578 cd
688 3509 843 3588 Αἰτωλός
864 3514 1052 3597 Αἰτώλιος,
1075 3516 1200 3608 κάπρος

102 3634 311 3648 ’,υ-

171 3686 198 3751 6)
215 3687 344 3737 Accentns
361 3690 455 3740 mutati
473 3691 613 3756 exemplum
631 3689 729 3742 nullum
746 3691 808 3741 milii
834 3692 861 3742 in
879 3701 996 3760 promptu
1013 3704 1121 3761 praeter
1138 3697 1201 3765 qnod

102 3772 247 3838 Stephanus
266 3770 341 3822 uffart
357 3780 384 3823 et
402 3775 448 3825 hoc
466 3778 591 3842 copiosior
609 3776 753 3828 Scholiasta
770 3778 802 3829 ad
821 3777 924 3830 Oritas.
947 3780 978 3830 L.
998 3779 1094 3834 XLIV.
1112 3800 1136 3849 p.
1157 3784 1199 3835 32.

102 3859 142 3910 ed.
162 3858 340 3909 Bussemaker.
361 3855 539 3925 Κάρσος-δ
558 3854 638 3917 τύνοι
657 3863 707 3915 τού
722 3861 834 3917 ἕδνικσύ
851 3858 919 3929 ὀξύς,
939 3865 989 3920 τού
1006 3865 1037 3922 dd
1051 3871 1138 3940 κυρίου
1154 3866 1202 3938 τῆς

76 4002 78 4007 Ι
101 3941 204 3999 πόλεως
222 3935 319 4014 βαρύς,
338 3958 384 3994 nec
401 3945 544 4010 prosodiae,
569 3948 620 4000 nisi
643 3948 705 4001 urbs
722 3945 847 4019 Κάφοιο
868 3950 922 4003 situ
945 3953 1033 4019 potius
1058 3955 1130 4006 dicta
1155 3963 1205 4021 est,

99 4028 175 4095 quum
192 4045 208 4082 u
226 4030 312 4098 Cypho
330 4031 415 4083 nescio
431 4046 489 4098 qno.
