2506 4492
273 169 333 235 on
360 167 526 236 uourn.
556 167 726 236 pronos.
757 168 796 235 c.
814 169 839 236 1.
870 171 899 256 §-
919 169 952 238 ο.
1104 171 1174 241 roo

55 351 210 440 heyokius
237 348 327 436 στρίξ
348 349 414 414 sive
437 345 548 437 οκρῖγξ
561 348 715 414 Antonino
732 371 766 413 ο.
782 347 870 412 XXI.
895 359 926 413 et
941 350 1089 438 Hesychio
1105 352 1173 416 red·

57 454 148 531 didit,
182 452 311 516 fortasse
335 473 354 516 a
376 473 484 537 graeco
506 450 602 537 τρίζω
630 452 809 515 derivatum.
855 451 1006 536 ignotiora
1029 454 1171 538 quaedem

57 555 233 642 Hesychius
256 555 383 638 promit:
413 551 526 639 Kpr'uo
548 551 675 639 κρίκον,
704 555 780 637 quod
802 554 833 617 in
857 557 1038 639 metaplastis
1061 566 1171 620 traete·

56 660 160 737 hitur3
201 655 285 743 Βρίξ
314 655 401 731 εἶδος
429 650 581 735 ἄνθους,
614 660 648 721 οἱ
674 654 710 721 dd
739 657 1000 744 περιοκερεώκο,
1029 679 1082 742 pro
1112 677 1170 740 quo

56 760 263 826 Schneiderus
285 759 316 822 in
339 759 415 821 Lex.
442 757 496 821 Gr.
523 757 623 841 Suppl.
649 780 675 821 s.
701 755 887 844 Θριδοικίκη
909 760 1047 842 proponit
1067 758 1171 847 β’ρέκ-

57 867 131 940 erg,
162 881 259 945 neque
289 861 352 925 seio
381 881 422 923 ex
449 859 551 923 multis
580 860 668 944 hujus
690 859 799 923 herbae
824 860 973 924 vooebudis
996 862 1071 945 quod
1100 882 1170 944 pro·

56 965 126 1050 pins
154 964 196 1027 sit
223 985 310 1047 quam
336 959 479 1047 τριξαλίς
511 962 647 1025 dieseon.
679 962 752 1025 Mat.
781 961 831 1025 IV.
861 960 923 1041 60,
955 961 1028 1027 549.
1064 961 1167 1050 deice

57 1087 137 1130 vero
166 1085 184 1128 a
215 1066 421 1149 peristereone
446 1064 565 1148 longius
598 1064 698 1126 distet.
752 1063 798 1126 Ad
820 1064 893 1128 haee
914 1064 1048 1129 adverbii
1071 1064 1168 1128 simile

56 1165 145 1242 Βλίξ
164 1166 323 1256 συνεχῶς,
346 1167 422 1250 quod
445 1165 561 1230 auctius
584 1167 636 1230 sed
652 1185 712 1228 non
730 1164 839 1230 odarius
854 1167 950 1230 reddit
962 1167 1170 1250 Theognostus

56 1271 163 1335 Crem.
187 1268 212 1332 l.
237 1268 310 1332 184.
340 1268 415 1357 ptis
441 1267 480 1335 τὸ
507 1267 652 1356 οοκεχώς
679 1267 938 1355 βλιχοῐοθαιῖθ).
990 1268 1030 1332 Et
1050 1267 1167 1354 Φρίκες

59 1365 219 1463 χάρακος,
249 1372 351 1435 neseio
380 1393 419 1434 an
448 1393 501 1454 pro
532 1361 660 1456 Φρύκες
688 1372 716 1433 id
744 1381 790 1434 est
813 1368 935 1457 φύρκες
956 1371 1021 1435 sive
1044 1365 1171 1459 φύρκοιι

23 1485 24 1489 ’
49 1474 188 1561 sorore,
210 1475 297 1550 nolli,
322 1475 427 1558 quibus
449 1494 558 1537 nomen
581 1484 628 1535 est
649 1472 797 1558 φοῦρκος
812 1484 843 1536 et
859 1467 957 1560 ὔργοι
973 1494 1004 1536 v.
1021 1474 1166 1559 Aglaoph.

57 1599 89 1663 p.
112 1573 188 1640 866.
218 1575 267 1638 ubi
296 1595 371 1658 quae
400 1575 490 1639 allatu
519 1585 566 1638 est
587 1574 729 1658 Hesychii
759 1574 858 1658 glossa
889 1566 1019 1661 Φύρκος
1045 1589 1167 1665 τεῖχος,

58 1700 97 1743 ea
124 1677 241 1760 quidem
272 1677 403 1761 pertinet
432 1678 468 1740 od
495 1675 675 1761 Thucydidis
702 1676 800 1739 looum
828 1674 867 1738 V.
890 1673 942 1738 46.
968 1678 1020 1739 sed
1043 1698 1078 1740 eo
1101 1678 1168 1742 loeo

56 1775 190 1867 Φύρκος
219 1788 265 1842 est
298 1800 408 1848 nomen
436 1779 584 1863 topioum,
620 1779 737 1862 proprie
774 1779 852 1842 idem
885 1777 1057 1860 significans
1091 1780 1168 1863 quod

56 1885 223 1971 φοορκος,
255 1872 435 1968 ὀχύρωμα,
465 1881 544 1944 sieut
569 1879 713 1944 voeabula
744 1879 871 1999 plurirpa
901 1900 942 1943 ex
964 1880 1168 1944 communibus

58 1988 140 2050 faeta
174 1995 246 2048 sunt
275 1994 425 2046 certorum
458 1981 591 2046 loeorum
619 1983 754 2067 propria.
796 1974 924 2069 πύργος
952 1981 1081 2046 Herode.
1113 1979 1167 2046 IV.

58 2085 135 2152 148.
152 2110 250 2176 yopoo
266 2085 353 2148 Paus
371 2083 450 2147 Vlll.
464 2083 562 2161 444.
579 2096 610 2150 et
624 2085 695 2167 vul
678 2097 800 2150 onota
815 2084 880 2171 ιδη
898 2079 973 2171 ὕλη,
988 2085 1073 2164 ideo,
1089 2083 1169 2172 dpv-

56 2188 136 2277 μός,
158 2182 331 2273 πορθμός,
352 2172 438 2276 ριόκ.
482 2187 604 2250 Restat
601 2189 748 2270 quintum
775 2186 841 2263 Λὶξ
867 2182 1009 2275 κλοὶγιος
1037 2188 1094 2254 καὶ
1106 2182 1168 2255 λί-

56 2299 126 2365 θος
147 2286 277 2363 πλατύς
307 2301 338 2353 et
355 2289 466 2373 paullo
495 2299 566 2352 ente
587 2288 673 2377 Atyi
692 2282 837 2377 πλάγιος
858 2290 1019 2378 καμπτήρ
1042 2287 1065 2377 ἢ
1087 2280 1169 2380 σχρ

58 2390 197 2479 οτηρίο,
226 2392 274 2455 eui
303 2391 484 2475 interpretes
515 2390 659 2454 voeabula
686 2392 794 2455 similis
823 2392 937 2456 formae
967 2403 998 2456 et
1018 2392 1169 2476 signifiea-

57 2497 152 2565 tionis
183 2505 345 2579 apponunt,
376 2493 499 2586 λε’κροι,
528 2490 648 2579 λίκροι,
677 2490 833 2578 λικριφίς,
862 2486 989 2583 λεχριός
1021 2504 1052 2557 et
1073 2494 1168 2556 latina

56 2600 166 2684 liqurlr,
191 2597 344 2683 obliquos,
362 2595 496 2661 sobrina.
520 2593 732 2681 Mosehopulus
754 2593 861 2659 Sohed.
878 2617 908 2680 p.
929 2593 1001 2687 166.
1025 2592 1074 2669 tir
1092 2591 1168 2661 ἐπί-

59 2707 181 2767 θετον.

570 2802 599 2886 §-
622 2800 655 2868 9.
741 2796 743 2807 ’

124 2907 238 2981 Οὐδέν
267 2915 314 2987 εἰς
343 2919 392 2990 ore
418 2909 552 3004 λήγει
532 2939 645 3002 ονομα
666 2912 757 3002 πλην
776 2907 932 3003 pedones]
923 2913 1052 3001 *προῖξ
1073 2917 1168 2982 Hero·

58 3017 140 3080 dien.
164 3042 201 3082 π.
224 3018 319 3083 Moe.
342 3016 443 3100 p.4l,
468 3016 520 3119 19.
543 3015 655 3105 μόνον
676 3014 716 3084 od
737 3017 835 3103 προιξ
855 3018 1038 3103 Theognost.
1064 3019 1165 3082 Crem.

58 3118 98 3182 11.
124 3116 197 3181 132.
214 3119 272 3181 ubi
297 3129 462 3203 oxytonum
486 3131 551 3196 est,
582 3133 616 3185 ut
645 3118 747 3201 inultis
770 3120 837 3183 aliis
860 3119 934 3184 loeis
957 3120 1165 3187 uenustus.

58 3221 149 3284 Onet.
169 3218 194 3282 l.
218 3218 294 3300 868,
320 3219 371 3285 td.
396 3243 424 3285 o.
448 3221 553 3286 Boeet.
579 3221 675 3299 1012,
703 3221 757 3288 23.
789 3221 892 3286 lseeus
914 3224 949 3287 de
971 3223 1067 3308 Hogn.
1092 3220 1166 3289 Her.

56 3321 113 3396 88,
138 3320 191 3386 13.
223 3322 321 3387 Strab.
346 3322 398 3387 IV.
425 3323 498 3400 172.
531 3325 613 3387 Stob.
638 3324 722 3388 Flor.
749 3323 875 3388 Lxxu.
900 3323 932 3388 5.
957 3347 986 3409 p.
1006 3324 1082 3402 480,
1111 3324 1165 3390 30.

56 3423 211 3488 Plutnreh.
243 3425 278 3489 de
308 3426 385 3489 Aud.
417 3427 501 3490 Poet.
533 3447 561 3488 ο.
585 3423 637 3489 ΙΙΙ.
669 3427 809 3489 Ammon.
841 3428 877 3491 de
900 3426 1004 3490 Differ.
1035 3451 1067 3515 p.
1092 3426 1165 3492 145.

57 3525 160 3591 Sehol.
184 3526 259 3589 Eur.
283 3527 362 3590 Med.
386 3526 461 3592 945.
485 3527 670 3613 Moschopul.
695 3530 803 3613 Opuse.
828 3550 858 3612 p.
880 3528 953 3606 125,
977 3527 1009 3593 6.
1033 3529 1165 3615 Hesyeh.

56 3650 84 3693 s.
100 3628 223 3715 Φὲρκη,
245 3629 332 3715 idque
343 3629 487 3695 Arcadius
509 3640 613 3694 tuetur
633 3653 663 3716 p.
682 3628 757 3707 125,
780 3628 812 3694 6.
837 3641 868 3695 et
888 3631 966 3696 ratio
988 3630 1064 3715 ipsa,
1086 3632 1113 3695 si
1126 3651 1168 3696 ex

126 3876 172 3943 38)
191 3876 333 3946 Hesychius
349 3874 488 3940 Ἐπίπλαξ
505 3871 634 3946 οοκκεφῆσ
651 3872 758 3948 νιφετῷ,
775 3859 804 3930 et
819 3871 954 3945 ἘπΙβληξ
970 3863 1098 3944 ουκνεφῆς
1114 3873 1165 3926 for·

55 3972 127 4016 tasse
146 3964 298 4018 adverbium
315 3973 357 4019 est
373 3958 487 4034 toptde
502 3959 624 4032 οοκεχῶσ,
642 3965 709 4032 quod
726 3980 772 4032 pro
789 3980 818 4017 re
832 3969 894 4016 nate
906 3961 1034 4029 adjectivo
1055 3957 1166 4030 europis

56 4051 131 4103 reddi
149 4057 243 4117 petest.
