2506 4492
263 191 322 257 nn
348 150 514 261 ιιοιιιιι.
541 178 715 258 nonos.
747 192 785 257 ο.
805 190 851 257 ιι.
875 195 903 279 r.
925 192 959 259 a
1104 196 1177 265 aaa

59 395 123 439 non
151 366 342 460 βιριιιιύιικ
369 370 473 459 Etym.
502 371 546 435 M.
590 370 730 437 Alterum
757 372 954 457 compositum
984 372 1104 439 videtur
1131 395 1174 441 ex

58 476 147 543 verbi
168 477 266 540 forma
288 484 456 556 contractu,
478 483 512 538 ιιι
527 469 720 561 τληπκθής,
742 486 774 540 et
795 475 916 539 nomine
939 476 1017 560 quod
1036 477 1175 543 nonnulli

58 579 193 664 Neptuni
218 577 351 663 epitbcto
373 571 570 651 Ἐκκοοίδος
595 578 757 663 subjiciunt
781 599 814 642 v.
840 579 878 642 ad
901 578 951 664 Aj.
979 601 1009 663 p.
1032 575 1107 643 389.
1125 578 1175 665 ²⁹)

59 693 113 747 aut
142 703 198 767 pro
227 671 360 767 τμήτης
389 678 532 763 scriptum
565 691 631 755 est,
672 701 729 765 qno
759 680 837 744 idem
868 681 963 745 utitur
990 677 1174 767 Ἐκκοριιιις

58 776 193 871 eppone
221 785 297 865 (non
324 775 480 875 apmpcp'e).
531 781 666 846 Tertium
695 779 822 869 τύπης,
860 784 936 867 quod
963 782 1174 867 Theognostus

60 888 164 951 Cram.
195 885 233 950 ll.
264 885 324 960 24,
353 883 408 951 30.
439 906 508 948 cum
535 885 637 948 multis
667 884 735 951 aliis
764 885 907 972 Hesycbii
935 884 1044 970 glossis
1073 887 1111 949 ad
1139 908 1174 951 se

60 988 235 1066 transtulit,
268 983 440 1073 ιτιιιιτης
466 999 527 1051 tam
555 1008 647 1073 prope
674 989 759 1052 abest
785 1000 820 1052 ut
845 988 988 1051 momenti
1015 1008 1174 1072 perparum

59 1092 185 1170 afferat;
212 1083 343 1177 τύπτης
365 1101 466 1155 eutem
489 1103 520 1155 et
542 1089 610 1153 buie
632 1091 742 1155 similia
762 1091 921 1177 κλέπτης,
943 1086 1086 1178 deincps,
1105 1083 1174 1179 βοί-

58 1218 166 1280 ιικης,
193 1186 339 1281 diceps,
371 1215 432 1258 non
454 1215 473 1258 a
494 1193 702 1278 praesentibus
728 1194 848 1258 usitatis
870 1196 959 1257 ducta
986 1195 1038 1258 sed
1065 1195 1180 1259 tertiae

58 1296 189 1384 perfecti
209 1298 324 1382 passivi
345 1297 478 1381 figurae,
508 1295 596 1363 utin
617 1294 728 1361 sobolis
750 1296 877 1371 dicitur,
909 1307 1009 1380 aptata
1031 1317 1099 1361 esse
1122 1298 1173 1362 do·

59 1409 232 1465 eumentum
250 1394 398 1486 praebent
414 1387 577 1484 οφιέκκης,
596 1395 775 1485 abaciacum,
793 1398 921 1487 ρι’κτης,
938 1384 1081 1485 ipsisne,
1096 1380 1174 1488 pto*-

57 1526 160 1588 πτης.
201 1500 327 1588 repone
354 1501 476 1588 (cerdo,
501 1502 638 1586 gordius)
666 1503 815 1566 aeolicum
838 1523 905 1566 esse
928 1503 964 1565 ab
986 1501 1069 1589 ἔρδω
1094 1502 1173 1568 deri·

57 1616 163 1671 vatum
186 1603 286 1668 Guieti
308 1613 356 1669 est
376 1602 514 1667 ariolatio
536 1604 573 1666 ad
595 1604 728 1689 Hesycb.
753 1626 780 1669 s.
799 1604 948 1690 Γέρδιος.
982 1605 1081 1669 His'
1056 1627 1083 1670 su
1106 1605 1174 1697 quis

58 1699 208 1794 α’ρκύκης
229 1707 376 1771 addiderit
395 1717 428 1769 et
448 1701 615 1790 εὐθύνης,
638 1727 764 1789 quornm
786 1707 894 1771 notitia
915 1707 1081 1783 celebrior,
1107 1707 1174 1773 tera

58 1821 155 1875 totum
178 1809 267 1894 hujus
289 1807 381 1873 exilis
403 1809 525 1893 generis
547 1809 690 1873 ambitum
712 1830 852 1874 emensus
874 1810 945 1874 erit.
983 1808 1174 1895 Plebcjornm

59 1912 215 1976 nominum
236 1909 375 1990 δακκᾶς,
398 1911 511 1999 φορᾶς
533 1923 565 1975 ct
585 1910 741 1989 similium,
765 1913 801 1977 de
823 1913 929 1996 quibus
950 1911 1010 1976 alio
1032 1911 1098 1974 loco
1122 1911 1173 1975 dc·

58 2015 120 2079 dita
141 2034 234 2099 opera
255 2014 463 2090 disseruimus,
487 2015 570 2079 nulla
593 2014 641 2078 bic
664 2015 799 2079 ducenda
817 2016 908 2080 ratio.
941 2013 1075 2079 Alterius
1097 2034 1173 2078 vero

58 2116 201 2201 generis,
230 2137 289 2200 quo
313 2117 507 2180 continentur
530 2117 836 2182 verbaliasecundae
859 2116 1086 2193 declinationis,
1116 2137 1173 2180 ex·

58 2219 156 2304 emptu
171 2219 299 2309 poinimc
322 2219 409 2282 dubia
431 2228 556 2294 extant,
581 2213 680 2306 cipio,
704 2211 822 2308 α’ρχός,
848 2218 991 2301 oinovo'c,
1018 2213 1173 2307 ἄρεσκος,

42 2312 198 2409 Ι,ρβοιικόω
218 2314 308 2402 edis,
330 2312 437 2409 papale
453 2323 509 2403 ³⁰),
532 2314 646 2408 φειδός
667 2318 793 2407 (padda)
816 2333 877 2386 etc.
915 2323 981 2403 Quo
1001 2322 1035 2386 in
1057 2343 1172 2406 genere

53 2412 85 2489 ¹si
104 2423 223 2489 labialis
244 2422 428 2500 intervenit,
457 2442 547 2507 saepe
569 2424 681 2508 duplex
702 2423 790 2487 utin
812 2423 914 2488 latinis
932 2424 1034 2509 jugis,
1059 2424 1171 2501 scobis,

57 2526 191 2602 scrobis,
213 2526 331 2602 trabes,
355 2525 494 2590 Polluces
507 2529 572 2603 ³¹),
595 2526 715 2611 plebes,
738 2525 890 2609 reperitur
911 2526 1025 2600 iorma,
1051 2517 1173 2611 κρογόο

10 2604 30 2761 b
57 2640 90 2692 et
108 2618 209 2716 κριίξ,
233 2624 388 2717 ἅρπαγος
409 2638 442 2692 οι
461 2623 573 2715 ἅρπαξ
587 2631 650 2710 ³²),
676 2624 796 2703 δίοποι
817 2638 849 2691 et
869 2625 971 2711 diepa,
994 2650 1173 2713 μοιμοκος

59 2748 273 2765 *un-u·—

65 2797 172 2866 ·.2p)
191 2795 349 2869 Μιλακὸγηι
364 2798 470 2867 Nicepb.
487 2801 592 2852 Blemm.
609 2798 734 2868 Parapbr
755 2816 781 2867 p.
800 2799 861 2862 407,
881 2798 907 2854 7.
928 2800 968 2851 ed.
986 2799 1080 2853 liernb.
1100 2818 1125 2868 p
1144 2802 1169 2853 4.

47 2818 153 2955 ’3ροιιιι
174 2900 257 2952 neque
275 2885 409 2937 delendam
425 2887 587 2953 pertinacius
605 2902 687 2953 neque
706 2888 841 2939 damnabo.

125 2971 173 3040 39)
191 2967 282 3040 etym
297 2972 425 3028 scribitur
441 2973 568 3040 lbpipban.
587 2990 610 3024 c.
626 2973 703 3025 liner.
720 2973 750 3025 L.
767 2975 786 3026 l.
803 2973 836 3026 Τ.
852 2972 883 3025 ll.
903 2971 963 3024 143.
978 2971 1007 3022 B.
1028 2972 1059 3023 de
1076 2987 1127 3039 quo
1145 2973 1172 3025 in

57 3059 143 3111 alieno
161 3057 217 3111 loro
235 3058 323 3123 litigat
339 3058 502 3111 Fritzsobius
519 3061 583 3112 Exc.
603 3059 647 3112 lli.
667 3061 700 3111 ad
717 3059 798 3113 Marc.
817 3076 841 3128 p.
862 3058 923 3113 799.
943 3065 1067 3110 mantus
1085 3059 1171 3111 divor·

56 3145 163 3197 uitatem
181 3146 310 3211 explicare
330 3146 446 3196 annisus.
473 3138 568 3215 Φιίγοι
584 3147 714 3214 epitheton
732 3149 787 3199 siue
801 3148 888 3199 mavia
905 3145 1097 3197 substantivum
1115 3161 1171 3198 esec

56 3231 169 3292 statuit,
188 3225 273 3301 puyo'c
290 3231 463 3295 adjectivum,
483 3231 573 3299 bisque
592 3240 723 3299 comparat
739 3222 826 3305 τόμοι
843 3238 870 3283 et
886 3227 985 3298 τομόι,
1006 3248 1073 3299 quae
1092 3232 1171 3300 pluri-

55 3333 126 3369 mum
144 3317 253 3367 distant.
290 3317 444 3386 Berytonis,
472 3332 537 3383 quae
560 3319 593 3369 ad
610 3317 708 3388 Pbryn.
730 3318 790 3370 438.
815 3317 907 3378 attuli,
935 3318 1035 3369 accedit
1059 3311 1175 3373 oidoeo‘

55 3403 150 3459 αἴθων
166 3403 254 3471 Etpm.
274 3402 308 3455 Μ.
329 3413 357 3454 et
374 3400 460 3474 φῶιοο
476 3398 493 3455 o‘
510 3398 701 3475 μεγαλόφωνοι
718 3394 874 3468 Τιοοέιιοοι.
895 3402 982 3454 Crem.
1002 3403 1035 3455 11.
1054 3404 1096 3458 dd.
1124 3402 1172 3455 Fe-

54 3489 156 3541 misina
174 3489 398 3541 substantivorum
416 3504 522 3541 munere
540 3482 724 3554 lunguntnr‘'
704 3508 796 3559 ορπη,
819 3486 935 3557 βδέλλα,
958 3492 1053 3557 avita,
1077 3492 1173 3556 οπιζο,

54 3566 168 3648 &pam
185 3567 287 3643 κοτύλη
305 3576 365 3628 Hes.
386 3577 488 3643 proprie
506 3577 651 3627 baustrum.

127 3661 173 3727 34)
191 3661 290 3715 Trabes
304 3663 415 3714 fortasse
429 3678 462 3713 ex
475 3677 568 3727 graeco
579 3658 696 3765 τριιφηξ,
708 3661 826 3713 Polluces
839 3678 872 3714 ex
883 3650 1065 3731 Holvlao'urpe.
1086 3628 1171 3714 Sobol.

55 3747 144 3815 Apoll.
162 3746 182 3798 l.
202 3746 279 3800 1937.
309 3742 850 3818 Πολυδιῦκηοιέγιτοιοπάνογλυκιιο,
869 3754 900 3797 ut
918 3748 1000 3798 duleis
1018 3741 1175 3815 propicieris

55 3833 140 3885 elatat'a
158 3833 276 3885 adbibita
292 3834 429 3886 metathesi
447 3848 472 3884 v.
490 3833 595 3885 Fest.s
583 3848 605 3883 s.
627 3832 660 3883 Ol
648 3834 806 3886 ducidulum.
835 3831 935 3888 Λεῦκος
952 3848 999 3900 pro
1016 3828 1125 3902 pisciacus
1142 3838 1174 3882 ut

31 3926 34 3933 '
56 3918 163 3980 dedico,
183 3919 286 3986 deliqno
304 3928 354 3972 etc.
374 3936 402 3972 v.
421 3919 592 3972 Vulcbcnaer.
613 3918 645 3970 de
662 3917 725 3972 Urb.
746 3919 808 3972 (lad.
829 3919 852 3986 5.
875 3918 916 3973 17.

127 4005 173 4073 32)
190 4004 325 4072 Harpagus
343 4022 433 4059 nomen
450 4006 582 4074 proprium
600 4011 655 4066 est,
674 4007 742 4074 apud
759 4004 867 4058 Latinos
885 4004 951 4065 viri,
975 4003 1042 4070 apud
1060 4000 1173 4055 Graecos

57 4091 120 4162 equi
139 4090 281 4145 Stesichor.
301 4090 348 4146 ur.
366 4090 387 4145 l.
407 4099 435 4146 et
451 4091 609 4160 adjectivum
627 4091 654 4144 in
672 4090 759 4151 ὅσιοι.
777 4091 860 4145 Arist.
879 4089 952 4145 Plut.
973 4087 1032 4145 799.
