2506 4492
1126 187 1162 233 rx

59 347 274 445 etamplius
302 343 418 417 secula
442 341 593 418 vivendo
625 353 869 440 superassent,
904 344 1102 446 milliesque
1126 357 1162 421 et

59 522 153 595 veris
179 516 331 591 reditum
356 504 501 588 eosdem
524 512 632 586 llores
655 512 868 586 referentem
901 523 937 587 et
967 525 1162 590 ceterarum

58 716 179 764 rerum
211 695 320 760 statas
351 685 446 759 vices
487 681 755 783 aequabilesque
793 685 1023 758 circumactus
1055 700 1182 788 quum'

58 859 244 953 vidissent,
273 865 347 928 tum
371 882 456 929 vero
481 796 566 929 lassi
590 856 768 954 saturique
789 881 809 929 e
828 856 901 928 vita
926 855 976 927 sic
996 866 1162 957 tanquam

59 1058 80 1103 a
113 1029 276 1102 convivio
310 1025 549 1103 discedebant.
611 1029 845 1125 Posteaquam
876 1050 961 1099 vero
995 1026 1055 1100 ille
1088 1031 1159 1129 pri·

57 1197 240 1271 mordialis
266 1208 396 1295 motus,
426 1223 495 1299 quo
520 1195 672 1269 mundus
698 1194 741 1267 ab
767 1193 871 1294 hujus
896 1196 1051 1271 universi
1075 1221 1159 1271 cou-

58 1368 173 1442 ditore
198 1370 363 1441 incitatus
395 1376 468 1460 est,
509 1365 688 1466 paullatim
718 1368 853 1440 remisit
894 1366 1011 1466 diique
1042 1382 1161 1444 rerum

56 1538 290 1611 humanarum
315 1536 534 1610 ordinatores
564 1535 719 1629 incoeli
750 1561 788 1610 se
813 1548 1022 1635 receperunt
1052 1565 1160 1639 pene·

57 1709 182 1801 tralia,
210 1708 372 1805 protinus
397 1706 514 1779 omnia
537 1702 786 1804 languescere,
815 1703 1039 1804 decrescere,
1066 1711 1159 1808 pari-

31 1876 127 1979 'que
153 1902 278 1977 gressu
302 1874 590 1950 vitaehumanae
623 1874 735 1972 spatia
765 1871 926 1945 contrahi
952 1887 1151 1974 coeperunt.

58 2041 167 2141 Quod
192 2046 223 2117 si
251 2043 379 2144 vulgus
410 2041 592 2117 bominum
624 2042 790 2139 luxisset,
834 2068 983 2143 quorum
1014 2048 1087 2121 vita
1124 2057 1161 2122 et

57 2241 154 2288 mors
175 2213 277 2313 juxta
302 2214 523 2311 aestimatur,
555 2212 717 2289 hercules
744 2238 827 2286 cura
852 2213 949 2286 nulla
974 2229 1067 2312 erat,
1095 2216 1160 2291 sed

57 2383 239 2458 moerebat
272 2386 424 2484 optimus
464 2384 611 2486 quisque
647 2396 683 2459 ct
721 2393 802 2458 ante
840 2394 977 2457 ceteros
1013 2385 1061 2478 ii,
1097 2388 1160 2485 qui

60 2558 172 2631 aversi
197 2582 217 2629 a
249 2554 340 2627 lucri
372 2553 557 2653 cupidine,
593 2555 765 2623 immrums
789 2548 1010 2655 ambitionis,
1036 2552 1159 2626 intacti

59 2721 295 2820 voluptatibus
319 2748 359 2796 se
384 2731 479 2795 totos
512 2721 549 2791 in
580 2722 655 2793 veri
688 2720 878 2820 quaerendi
909 2718 1061 2794 studium
1094 2719 1156 2796 ab·

60 2889 243 2986 didisscnt,
266 2889 336 2963 bas
362 2900 454 2964 artes
479 2899 515 2963 et
541 2889 732 2988 doctrinas,
761 2875 847 2992 quas
872 2915 966 2963 nunc
988 2891 1154 2987 colimus,

61 3062 157 3158 quasi
182 3058 333 3160 gradum
357 3057 531 3158 quendam
556 3087 634 3135 esse
664 3063 732 3133 rati
763 3060 951 3134 adrerum
976 3060 1155 3135 sublimio·

61 3400 238 3499 percipere
260 3424 367 3498 posse
391 3400 460 3472 nisi
485 3402 561 3501 qui,
589 3397 706 3501 quoad
719 3403 864 3498 vireret,
892 3403 1048 3475 animm
1068 3403 1155 3475 assi·

62 3565 125 3642 dua
153 3569 381 3646 meditatione
411 3572 478 3645 rite
511 3581 763 3670 praeparasset.
792 3539 798 3547 Ι
824 3572 875 3645 Hi
908 3573 1017 3671 igitur
1046 3597 1155 3672 quum
1226 3578 1231 3585 '

10 3282 19 3839 ,
60 3256 134 3302 rum
166 3228 453 3330 intelligentiam,
499 3234 645 3330 quarum
675 3229 951 3331 magnitudinem
981 3234 1157 3306 neminem

15 3846 19 3865 Ι
62 3737 217 3814 viderent
240 3750 329 3839 post'
346 3742 449 3813 suuni
480 3736 615 3813 obitum
648 3767 838 3842 eorumque
869 3738 1077 3840 quibuscum
1102 3737 1153 3809 vi-

62 3909 208 4006 xissent,
247 3908 407 3984 laborum
432 3935 576 3984 suorum
601 3909 754 3985 fructum
779 3913 1050 4010 memoriamque
1076 3907 1155 3983 fore

63 4077 209 4178 nullam,
236 4076 425 4183 secumque
448 4082 632 4156 interitura
656 4106 746 4186 quae
771 4104 895 4157 secum
913 4087 1004 4154 nata
1023 4086 1167 4166 eseam
