2506 4492
66 202 183 271 ‹nm
246 150 259 292 J
357 228 360 237 ·
478 198 866 267 nrssnnrnrrou.

114 382 225 450 tionem
256 381 356 446 babet..
373 380 426 446 illa
454 380 588 446 adverbii
618 402 685 445 oum
712 380 862 467 adjeotivo
885 379 1058 465 conjunctio
1080 373 1237 466 α’ρίδηλω

113 485 171 553 nat
192 480 357 573 σῖμφαδολ,
390 505 459 554 nam
489 485 591 547 eadem
621 483 758 547 libertate
780 481 865 545 Plato
896 493 943 546 ost
963 503 1038 546 usus
1061 481 1161 569 Legg.
1181 482 1217 545 X.

114 586 189 652 885.
214 587 248 654 Β.
270 586 441 671 ἱεροσυλία
462 582 578 674 λάθροι
599 585 657 652 aab
677 585 790 673 βίαιος
806 582 867 654 ἐδν
880 584 1028 673 γε’νητσιι,
1052 596 1084 649 et
1099 583 1219 648 Nonum

112 687 260 754 XXXIV.
284 686 359 754 268.
386 685 429 762 οἷς
447 685 598 774 διδύμων
614 688 777 755 τελέσειεν
794 679 978 775 οἶμοιβοῖδις
994 691 1077 774 ἔργον
1093 683 1218 767 θεάων,

111 788 241 878 λολδριω
258 784 435 878 Κύπριδος
456 795 536 878 ἔργον
556 791 614 857 aab
635 787 798 877 οἷμφοιδδν
817 787 911 857 λστδν
926 784 1096 876 Ἀθήνης,
1119 791 1218 866 idest,

113 893 189 960 olam
212 895 360 970 Veneris,
388 893 484 978 palam
507 893 681 968 Minervae3
713 893 866 979 Aristopb.
889 892 1011 957 Tbesm.
1035 891 1092 958 91.
1120 916 1220 980 φονε-

113 993 175 1087 ρδν
203 995 226 1083 ἢ
256 994 369 1083 λάθρη
397 996 517 1075 λέξων,
548 1006 579 1059 et
600 995 748 1060 Homerus
776 997 839 1081 ipse
869 995 905 1058 tl.
930 997 978 1063 K.
997 992 1050 1058 51.
1084 988 1218 1082 μελήσει

110 1094 259 1189 Ἀχαιοῖς
280 1091 373 1186 δηθολ
394 1123 431 1164 τε
452 1099 509 1165 κοιλ
531 1094 674 1187 δολιχόν,
697 1120 763 1163 oum
785 1100 852 1163 aliis
875 1119 948 1182 quos
970 1098 1007 1162 ad
1028 1098 1080 1184 Aj.
1099 1121 1132 1160 v.
1149 1096 1215 1163 839.

113 1201 201 1266 attuli
214 1204 254 1285 ³).
305 1200 364 1264 Sed
388 1203 452 1286 jam
481 1201 567 1278 satis,
597 1202 720 1286 opinor,
749 1201 955 1265 confirmatum
982 1212 1051 1277 est,
1083 1200 1218 1288 adjectivi

112 1299 272 1392 α’μφσιδός
294 1304 380 1367 fidem
403 1303 515 1367 nullam
538 1325 625 1381 esse3
662 1325 759 1388 neque
785 1304 880 1388 magis
908 1296 1014 1392 χωνδή
1036 1303 1114 1367 illud
1137 1315 1169 1368 et
1185 1300 1217 1368 τδ

112 1403 265 1495 ἔμβωδόν
286 1427 341 1491 pro
362 1418 539 1490 argumento
565 1406 667 1470 afferri
689 1428 788 1490 posse,
812 1404 1003 1470 manifestum
1018 1406 1095 1470 fooit
1108 1407 1218 1470 infinita

113 1510 322 1574 adverbiorum
343 1509 375 1572 in
397 1495 468 1584 dor,
491 1496 535 1575 db
555 1521 586 1574 et
604 1497 675 1596 δην
693 1508 868 1572 exeuntium
893 1510 993 1593 eopia,
1023 1509 1137 1592 partim
1159 1530 1218 1573 ver·

111 1612 223 1676 balium
253 1606 386 1702 σχεδόν,
416 1607 538 1700 pobbo,
565 1606 726 1691 ὄνλοιδόν,
755 1603 986 1701 παρασχεδόν,
1013 1606 1218 1686 ἀνασταδόν,

111 1707 515 1803 ωσροιστοιδόν,3μβωδόν,
529 1712 756 1804 παραιβαδόν,
769 1706 991 1801 δτιοφθοιδόν,
999 1707 1155 1801 ἐγκλιδόν
1165 1726 1217 1780 eto.

112 1821 222 1909 partim
244 1841 262 1883 a
284 1819 453 1883 nominibus
476 1819 631 1882 duotorum
652 1813 849 1906 uiayypddr,
870 1811 1066 1906 ννωμηδόν,
1089 1841 1220 1904 φορμη-

112 1919 183 2003 δόν,
214 1918 413 2009 βαθμηδόν,
439 1914 632 2006 λεοντηδόν,
663 1913 878 2008 φαλαγγηδόν
906 1931 965 1985 eto.
997 1920 1105 2004 quibus
1129 1919 1219 1985 simile

112 2026 292 2110 adjeptivum
320 2040 464 2105 nusquam
498 2021 631 2106 gentium
664 2023 825 2106 reperitur.
883 2023 1073 2087 Adversetur
1108 2024 1219 2113 quidem

113 2125 276 2190 Grimmius
299 2123 432 2187 Gramm.
462 2123 498 2188 T.
515 2120 567 2209 ffl-
591 2121 666 2188 239.
699 2125 872 2217 buttmauni
898 2125 1037 2210 vestigiis
1064 2124 1217 2210 ingressus

111 2225 212 2309 Lexil.
236 2226 272 2297 Τ,
293 2224 318 2289 Ι.
343 2222 395 2288 16.
427 2225 475 2288 oui
497 2217 699 2312 α’νοιφσνδόν
722 2238 753 2293 et
773 2223 946 2315 ιιρνηηδόν
968 2229 1136 2293 accusativi
1157 2247 1218 2292 esse

111 2329 265 2404 videntur,
289 2327 412 2413 perinde
434 2339 468 2392 ut
488 2330 581 2394 latina
603 2351 707 2394 coram
728 2341 760 2394 et
775 2332 895 2415 polam,
919 2333 971 2395 sed
992 2328 1153 2395 admodum
1171 2350 1218 2396 re·

110 2454 194 2509 reor,
225 2452 264 2495 ne
292 2426 460 2519 νρνφηδός
482 2445 514 2498 et
534 2424 732 2519 οἷνσιηανδός
760 2445 791 2496 et
818 2454 893 2517 quae
922 2433 968 2498 bis
990 2434 1102 2498 similia
1125 2433 1218 2520 effingi

110 2545 237 2629 possunt
257 2535 405 2621 adjectiva
425 2533 666 2623 δμσθνμσιδός,
698 2528 974 2622 ἐξονομωνληδός,
1002 2539 1218 2624 βοωστροφη·

110 2636 177 2721 δός,
199 2630 446 2728 νωταφωλοιδός,
473 2631 700 2726 διωμσιρηδός,
729 2660 788 2702 non
812 2650 871 2702 tam
894 2638 1028 2703 obsoleta
1050 2641 1113 2705 sint
1136 2663 1218 2728 quam

111 2762 194 2805 mero
222 2741 347 2804 barbara
376 2749 428 2802 aut
456 2752 537 2803 certe
568 2743 634 2825 ejus
657 2732 852 2815 GraeoitatiS,
884 2763 959 2824 quae
982 2742 1096 2807 diluvio
1117 2738 1215 2829 periit.

109 2844 254 2928 Equidem
275 2843 308 2905 in
330 2840 479 2905 adverbiis
504 2863 578 2924 quae
601 2843 723 2925 stirpem
751 2843 784 2905 in
806 2854 923 2926 promtu
945 2846 1071 2929 positam
1095 2846 1214 2925 babent,

110 2943 212 3044 οἷμιύξ,
245 2943 316 3039 μλξ,
344 2940 470 3031 ἐπιμίξ,
491 2936 588 3029 ζόδσλξ,
617 2936 770 3034 ωρστδψ,
788 2944 1041 3033 simplicissimam
1063 2949 1138 3013 mibi
1158 2951 1218 3014 for·

111 3122 322 3141 m

93 3231 170 3284 ¹libri
190 3231 362 3285 consentiunt.
400 3228 465 3282 Cum
485 3228 595 3281 articulo
609 3228 683 3280 Aret.
698 3229 729 3282 do
741 3229 812 3295 Sign.
830 3231 906 3282 deut.
922 3229 953 3283 tl.
972 3232 1014 3294 12,
1030 3232 1072 3286 bd.
1094 3228 1216 3303 οἶιιριιτέει

107 3317 136 3375 ἕο
150 3313 183 3370 ro*
201 3310 338 3386 οἷμφοιδόν.
477 3372 479 3375 ,
729 3371 734 3378 ,

178 3401 206 3468 3)
219 3402 249 3453 ll.
262 3401 322 3454 XV.
340 3402 381 3456 53.
396 3395 422 3454 εἶ
432 3396 508 3455 ἕτεδν
527 3407 573 3455 ναὶ
585 3396 714 3473 α’τρειιὲωε
727 3393 876 3474 α’γορεῦεισ,
899 3401 988 3471 Quint.
998 3404 1069 3456 XIV.
1092 3405 1137 3458 bl.
1157 3399 1215 3460 οὔτε

106 3483 240 3559 κρυφηδόν
261 3483 321 3540 ob‘r'
339 3483 385 3540 οδν
404 3481 561 3558 ἀμφαδίην,
586 3486 660 3539 Aret.
678 3487 754 3540 1078.
775 3483 866 3558 πρσλΐα
884 3499 930 3544 καὶ
949 3485 1081 3559 ὁμιλαδόν
1099 3489 1214 3560 ἐρχομέ-

107 3593 179 3647 νῃσι,
197 3580 223 3624 et
235 3571 357 3624 Nicandr·
372 3573 450 3625 Ther.
473 3574 534 3625 495.
555 3569 723 3644 διαμπερὲωε
745 3583 792 3629 not
815 3570 944 3645 α’ωηλεγίσ
961 3577 1133 3642 praetermisi,
1155 3577 1214 3645 quia

107 3663 172 3714 bueo
191 3660 320 3726 adjectiva
339 3659 518 3711 adverbiorum
532 3660 614 3710 locum
634 3669 801 3737 occuparunt,
822 3662 890 3714 siout
904 3664 1029 3715 adverbia
1047 3664 1158 3715 articulo
1172 3664 1213 3715 nd·

104 3750 198 3816 juncta
213 3762 257 3814 pro
272 3746 408 3812 ndjtrotivis
426 3746 525 3807 valent,
545 3744 601 3799 τῶν
619 3741 752 3801 ἀνωτάτω
768 3756 813 3802 νισι
831 3741 975 3817 μετεώρων
994 3745 1088 3802 τόπων
1109 3749 1210 3801 Heraol.

107 3837 191 3900 Alleg.
207 3833 264 3884 XL.
288 3832 347 3884 135.
365 3831 414 3898 τῆς
431 3825 564 3901 σἠωτσίτω
585 3840 629 3885 κοιλ
645 3836 769 3902 μεγίστης
788 3829 871 3902 α’ρχῆσ
888 3833 961 3884 Pbilo
979 3836 1010 3887 de
1024 3835 1110 3887 Creat.
1125 3835 1209 3886 Prino.

106 3919 130 3988 ᾗ.
146 3924 171 3983 5,
190 3921 248 3973 364.
262 3917 347 3983 Mang.
362 3925 389 3968 et
401 3923 522 3969 neutrum
537 3919 719 3984 comparativi:
739 3915 882 3988 φερόμενοι
898 3915 1015 3992 α’φειδολε
1034 3930 1080 3975 καλ
1098 3918 1212 3995 ἀκρατέ-

106 4024 200 4071 στερον
218 4006 297 4058 Paus.
315 4003 361 4057 lV·
386 4003 412 4066 7,
432 4003 459 4059 2·
482 4001 556 4070 εἶχεν
573 3995 753 4073 οἶτωιιτδτερον
772 4009 819 4058 ναὶ
836 3996 951 4074 didimus
968 4007 1031 4058 ibid.
1044 4009 1069 4069 8,
1091 4007 1117 4061 3.
1158 4008 1211 4062 Illis

107 4090 172 4144 otte
189 4089 307 4160 Xenopb·
329 4089 412 4144 Anub.
425 4088 470 4142 Vl.
491 4088 516 4150 b,
532 4087 557 4142 3.
577 4080 692 4160 ἥλλοντο
714 4081 806 4161 δφηλιὶ
824 4112 854 4147 τε
871 4099 917 4149 κοιλ
932 4085 1048 4162 noiomo.
